2768 4410
346 249 556 297 nrnrn
610 223 888 296 muts.
1022 226 1094 298 265

151 351 228 418 erat
238 343 392 416 deditus.
410 344 466 414 Sic
482 345 520 414 in
530 344 698 415 Oratione
710 371 772 441 pro
786 343 939 432 Milone,
954 345 1097 440 exponit
1184 395 1194 419 .

151 469 274 514 causas
298 469 361 512 cur
386 442 529 513 Clodius
552 442 723 511 Milonem
750 441 890 511 odisset.
919 468 956 510 ιι.
977 438 1038 512 35.
1061 457 1098 514 et

152 565 216 642 pro
238 541 340 611 domo
359 543 422 610 sub
432 591 443 630 ,
464 567 527 610 cur
543 537 647 610 multi
666 542 740 609 hee
761 539 999 611 descivissent.
1017 567 1054 609 ιι.
1075 540 1098 610 6

153 655 191 710 et
211 666 247 735 7.
272 640 320 709 Et
334 665 396 736 pro
421 637 518 737 Sylla
539 663 577 707 ιι.
602 636 662 726 48.
690 636 816 734 probat
839 635 928 707 nihil
945 663 1020 707 esse
1036 661 1099 708 our

153 735 325 808 irascatur
344 735 570 834 Torquatus,
599 735 694 834 quod
708 731 850 832 vSyllam
867 732 1049 806 defendat.

204 833 308 904 Valet
329 832 481 903 maxime
506 859 592 903 usus
612 857 726 902 causae
753 825 935 902 efficientis
959 832 1005 902 ad
1023 855 1100 904 rem

76 981 81 991 ·
153 929 449 1029 amplificandam.
470 929 579 1000 Sicin
601 928 753 1000 Verrinh
774 925 811 997 3.
833 955 869 998 n.
893 955 928 1026 7.
950 930 1101 1003 Verrem
1205 957 1208 964 ·

155 1025 301 1100 exhibet
320 1025 507 1128 ‘agitatum
535 1025 705 1098 scelerum
739 1024 853 1125 poenis
867 1071 895 1118 ,·
914 1051 994 1126 quae
1026 1043 1101 1098 tarn
1204 1075 1211 1080 -

147 1125 192 1196 'in
209 1127 306 1196 Deos
325 1129 434 1226 quam
455 1125 495 1196 in
527 1121 686 1194 homines
708 1123 939 1195 commiserat.

158 1270 162 1280 -
203 1223 312 1295 Valet
335 1223 443 1295 etiam
467 1222 611 1292 adrem
635 1221 877 1292 minuendam.
902 1222 957 1291 lta
978 1221 1102 1294 Cicero

139 1315 325 1394 'munuae
343 1347 399 1391 res
418 1319 561 1390 bellicas
589 1318 738 1390 Caesaris
756 1335 926 1418 tanquam
947 1321 1102 1418 Impera-

155 1419 241 1490 toris
258 1419 375 1489 minus
391 1443 455 1517 pro
479 1417 570 1508 rias,
585 1432 627 1488 ut
644 1416 720 1515 ejus
741 1415 964 1488 clementiam
987 1417 1110 1506 entol-¹

155 1516 232 1608 lat,
252 1443 500 1615 quhMarcefio
514 1511 662 1612 injurias
682 1513 912 1606 condonaret,
927 1541 965 1586 n.
988 1516 1023 1585 6.
1039 1543 1104 1615 pro

158 1613 342 1685 Marcello.
839 1665 842 1675 .
1082 1621 1085 1626 ’

205 1711 313 1783 Valet
338 1712 445 1783 etiam
473 1712 519 1808 acl
545 1710 772 1782 hortandum.
798 1710 868 1780 Sic'
885 1737 922 1782 2.
951 1710 1105 1782 Verrinh

156 1817 194 1883 ιι.
213 1810 285 1886 ’51.
311 1807 542 1881 Glabrionem
569 1809 730 1880 hortatur
750 1807 814 1880 hoc
837 1808 940 1879 modo
961 1806 1105 1878 Tullius

157 1906 205 1978 ad
233 1907 490 2007 suscipiendam
516 1905 729 2005 judiciorum
760 1933 914 1977 causam.
941 1907 1031 1976 Item
1059 1905 1106 1975 ad

160 2003 421 2077 dehortandrun
440 2005 501 2078 ille
525 2005 639 2076 Louna
663 2003 759 2075 utilis
781 2019 847 2076 est.
875 2005 932 2074 Sic
954 2003 992 2073 in
1015 2001 1106 2074 libro

151 2101 206 2172 ‘tle
233 2119 412 2174 senectute
442 2129 504 2174 nn.
525 2109 572 2193 4ο
583 2155 595 2194 ,
615 2108 676 2193 41.
703 2102 757 2172 Ut
778 2100 1104 2199 excitetroluptatis
1185 2189 1187 2194 Ι

159 2199 343 2272 odium'es
372 2200 419 2271 ab
442 2204 486 2271 eh
509 2200 705 2291 deterreat,
733 2199 878 2272 exhibet
896 2199 1106 2300 perniciosos

158 2297 350 2396 voluptatis
379 2293 537 2392 ellectus.

207 2397 321 2467 Eram
347 2394 382 2466 la
403 2395 528 2467 Causae
544 2396 734 2467 materialis
760 2394 870 2468 habes
894 2395 1046 2474 Verrinb
1066 2394 1112 2470 6.,

159 2521 197 2565 ιι.
219 2496 277 2584 64.
329 2507 498 2595 raggerat
513 2491 649 2565 lurtum
665 2493 788 2566 Verris
805 2497 826 2563 ἐι
841 2493 990 2564 material
1008 2493 1102 2564 Can·

161 2587 384 2664 delabrorum
415 2617 495 2693 quse
525 2607 717 2692 rapuerat,
759 2592 844 2693 quia
885 2591 1031 2688 gemmis
1068 2605 1106 2660 et

161 2715 249 2764 auro
266 2690 485 2762 constabant.
507 2689 554 2762 Et
580 2691 730 2762 Verrinsl
749 2698 785 2782 4.
809 2717 853 2762 ιι.
879 2669 938 2762 83.
966 2687 1106 2781 Sthenii
1230 2691 1260 2710 ²·

161 2786 359 2885 elegantem
381 2789 403 2858 a
422 2785 571 2860 materia
593 2790 816 2862 commendat
833 2787 1103 2887 supellectilem,

162 2911 281 2995 quam.
296 2886 424 2956 Verres
451 2887 557 2959 variis
582 2887 696 2957 modis
719 2911 819 2958 suam
848 2883 990 2956 lecerat.
1015 2884 1106 2954 Item
1180 2972 1182 2978 Α

162 2980 228 3050 hb.
253 3005 289 3050 2.
313 2982 357 3052 cle
372 2985 500 3053 naturh
515 2985 675 3054 Deorum
706 3011 742 3054 n.
773 2984 834 3080 39.
865 2981 990 3066 Sidera
1009 3007 1105 3050 com·
1216 3005 1222 3012 ’

164 3078 356 3148 mendatii
384 3081 544 3151 matuta.
576 3105 580 3122 ¹
971 3135 975 3144 .
1093 3085 1101 3109 ¹

141 3177 146 3192 “
211 3174 318 3248 Valet
340 3174 398 3245 hic
424 3175 518 3247 locus
543 3179 589 3248 ad
613 3179 953 3249 commendationem
977 3199 1105 3244 manu·

162 3271 359 3364 laetorum,
379 3272 425 3342 ad
439 3273 678 3362 extollendum
700 3275 750 3342 rei
769 3271 917 3367 alicujus
932 3271 1106 3369 pretium,

163 3370 229 3445 'aut
253 3371 348 3444 idern
363 3369 614 3442 minuendum:
634 3369 691 3439 Sic
713 3395 776 3468 pro
798 3370 979 3460 Muraena,
999 3368 1111 3442 «luris-

164 3470 389 3571 prudentiam
405 3467 521 3541 elevat
535 3467 581 3539 ab
598 3465 752 3544 exihtate
769 3493 888 3538 rerum
906 3465 997 3570 circa
1019 3491 1108 3567 quas

166 3585 324 3639 versatur
342 3595 381 3639 ιι.
399 3593 457 3666 19.
920 3583 922 3593 “
1149 3619 1155 3626 ,.

170 3720 174 3732 .
214 3665 386 3762 Exempla
417 3665 549 3737 Causae
570 3663 725 3736 formalis
755 3664 958 3764 suppeditat
984 3661 1108 3732 Oratio
1154 3691 1163 3714 ι

164 3761 374 3872 proflatio
397 3769 524 3863 n..47.
546 3761 669 3867 ubi5'l'
671 3762 776 3844 ullius
809 3761 935 3866 probat
957 3777 1107 3838 mortem
