2668 4414
191 173 199 188 '
295 187 502 236 niusa
549 188 817 240 suiuus.
980 195 1028 269 79

3 265 5 274 ἲ
81 283 187 360 ritim,
212 282 269 364 qui
284 280 496 365 voluptatibus
511 287 603 346 unice
619 289 790 367 servirent,
814 303 848 350 st
862 292 957 351 nnius
971 313 1026 352 cu·
1081 290 1085 294 ’

84 364 178 426 randi
194 367 332 444 corporis
344 362 472 427 solliciti
489 369 621 428 enimam
637 368 834 452 negligerent.

122 451 173 504 2⁰.
196 444 287 506 Solos
300 445 373 506 illos
397 470 463 506 esse
480 445 644 528 homines,
665 454 721 533 qui
743 455 892 514 rationem
916 453 1025 516 ducem

84 542 300 608 coquerentur.
324 529 419 607 Quod
439 529 582 590 tractabit
601 555 656 615 per
679 531 939 616 Complexionem.
957 538 1026 620 Age

83 609 162 691 quid
180 605 257 668 facit
278 607 457 687 hominem?
482 612 601 690 Retio,
623 627 682 673 etc.

130 689 305 752 amatu.
326 691 382 753 l’er
392 693 640 754 conversionem.
660 695 712 754 De
723 698 802 755 milii
820 695 954 780 aliquem
968 702 1025 782 qui
1055 684 1066 698 ⁸

85 770 167 832 nihil
190 787 283 854 agat,
315 773 398 834 nihil
420 772 588 856 loquatur,
610 775 691 836 nihil
711 779 877 844 meditetur
898 783 960 840 nisi
983 790 1027 847 ek

86 855 262 936 prescripto
284 857 436 934 rationis„
458 870 489 917 et
504 855 595 916 illum
612 857 767 918 hominem
782 863 937 941 reputabit
949 863 1029 925 Dio·

91 957 191 1018 genes.

133 1015 305 1078 Cambete.
330 1017 405 1077 Osi
433 1020 625 1080 revivisceret
649 1020 823 1104 Diogenes,
851 1045 892 1083 an
914 1023 1028 1087 multos

93 1101 126 1157 in
146 1098 203 1159 hac
223 1099 470 1182 ampli-civitate
490 1099 629 1162 hemines
644 1101 817 1165 invenireti

320 1261 331 1294 x
421 1291 694 1345 onauio

136 1455 215 1528 Etsi
232 1456 308 1528 sisa
323 1470 378 1526 est
397 1453 460 1526 illa
477 1454 640 1567 plurimis
662 1455 810 1528 ridicula
828 1455 1029 1556 Philosophi

94 1553 295 1626 insanientis
323 1567 535 1644 ostentatio,
561 1553 658 1652 quod
678 1553 828 1624 Athenis
852 1555 930 1654 ipsi
949 1555 1028 1629 luce

93 1650 285 1723 meriffiam
299 1676 481 1740 accensam
501 1647 614 1722 facem
643 1645 888 1723 circumferens
910 1652 1028 1724 homi-

93 1775 175 1820 nem
192 1747 371 1861 Diogenes
384 1763 581 1847 quaereret‚
596 1763 717 1818 tamen
734 1749 797 1848 qui
814 1775 933 1820 causas
943 1747 1027 1822 facti

3 1923 4 1926 Ἴ
91 1845 183 1917 illius
209 1861 432 1945 rationesque
459 1844 606 1917 scrutari
636 1845 779 1957 penitis
799 1847 973 1938 voluerit,
995 1848 1027 1918 is
1135 1845 1138 1859 '

91 1969 265 2055 sumniam
287 1943 326 2014 in
350 1969 391 2014 eo
414 1941 556 2015 consilio
573 1941 782 2042 sapientiam
803 1961 946 2046 cogetur
961 1943 1028 2015 ad·

4 2112 12 2138 ⁸
90 2066 328 2210 mlraEnriiiiverd
338 2152 425 2238 quot
435 2087 567 2249 palatis
581 2137 638 2210 vel
650 2137 689 2210 in
705 2139 823 2251 ampli
834 2138 896 2212 illd
910 2165 951 2210 ac
962 2166 1028 2238 po-

115 2233 216 2306 ulosd
224 2235 366 2306 civitate
379 2249 534 2306 extitisse
548 2287 559 2326 ,
579 2261 667 2336 quos
679 2235 839 2307 homines
856 2263 931 2307 esse
946 2241 1030 2309 vert

115 2332 224 2402 'ceres
236 2383 249 2423 ,
269 2347 307 2402 et
333 2347 407 2402 tam
436 2330 626 2404 honorifici
649 2331 880 2434 appellatione
902 2333 1029 2404 merito

86 2428 339 2528 nuncupandos
355 2426 605 2499 arbitrarerisi

134 2527 200 2598 An
222 2542 324 2598 erant
352 2523 513 2597 homines
534 2523 610 2618 illi,
643 2525 775 2598 talesre
802 2524 1030 2599 merebantur

87 2623 279 2723 appellari,
293 2621 423 2724 quibus
435 2649 620 2722 nunquam
633 2623 798 2696 eratsatis
813 2625 907 2724 quod
921 2624 1030 2698 habe·

87 2719 196 2812 bant,
217 2719 279 2792 sed
294 2720 514 2792 cumulandis
531 2720 689 2821 quotidie
704 2721 803 2794 novis
829 2721 955 2820 opibus
975 2724 1029 2794 iii-

87 2815 255 2890 hiarenti
274 2821 335 2890 An
353 2834 454 2890 erant
475 2818 635 2889 homines
659 2817 734 2909 illi,
781 2819 823 2890 ui
841 2819 939 2892 inani
975 2821 1039 2892 lo·'

87 2914 184 2987 riolae
200 2914 384 3014 cujusdam
402 2917 538 2986 accensi
553 2912 677 3008 firmo,
695 2843 785 2988 nihil
807 2933 937 3016 praeter
952 2847 1028 2989 ira-

89 3013 174 3112 giles
192 3012 312 3085 titulos
326 3029 363 3084 et
379 3009 566 3085 ambitiosa
581 3012 755 3086 honorum
770 3015 922 3126 insignia
933 3040 1029 3124 qum-

89 3125 209 3182 rerent
234 3137 273 3181 ac
298 3109 536 3186 venarenturt
561 3111 622 3183 An
644 3129 746 3184 erant
767 3111 927 3182 homiues
947 3109 1026 3202 illi,

89 3209 151 3307 qui
160 3207 328 3279 mollibus
344 3208 491 3280 inescati
501 3207 707 3280 deliciarum
719 3203 893 3278 illecebris
909 3206 1028 3322 volup-

88 3321 198 3378 tatem
210 3331 322 3376 unam
334 3303 373 3375 in
390 3305 503 3406 pretio
563 3305 711 3376 uersuti
728 3307 789 3374 An
802 3303 1027 3400 eranthemi-
1097 3346 1108 3375 ι
1150 3334 1199 3380 ··0.

87 3428 148 3473 nes
164 3401 244 3495 illi,·
263 3399 328 3502 qui
340 3402 380 3474 in
392 3333 562 3475 curant&
574 3399 793 3514 serendique
814 3396 965 3475 cuticuld
992 3419 1029 3475 et

87 3498 191 3590 iniis,
207 3525 290 3600 quae
300 3499 346 3571 ad
357 3515 480 3599 corpu's
491 3497 823 3601 pertinent,·v1giles
835 3515 872 3571 et
884 3498 1026 3594 attenti,
1100 3491 1104 3522 ⁸

86 3597 190 3668 tinius
213 3597 348 3695 ‚animas
374 3595 490 3690 bona,
518 3597 680 3670 decorem
701 3614 935 3710 ornatumque
963 3625 1028 3669 ne-

84 3692 285 3795 gligerenti
304 3694 475 3798 Denique
501 3722 549 3769 an
570 3693 732 3772 homines
753 3711 855 3770 erant
870 3693 946 3789 illi,
966 3699 1030 3798 qui
