2682 4412
264 191 374 277 ‘ffl-
568 210 1038 293 nuncnuncn-

307 338 388 412 quae
398 312 624 384 accusationis
635 311 802 412 probmm
808 365 820 404 ‚
832 328 953 402 tamen
964 312 1010 390 ab
1020 313 1065 386 iic
1072 309 1244 415 profecta,

304 435 395 508 quos
406 409 570 482 utilitatis
580 411 727 510 propriae
739 423 776 480 et
787 411 1105 509 propeneaeinsuoc
1117 413 1244 486 volun·

305 507 388 578 tatis
411 508 501 578 ratio
521 507 746 597 exstimulat,
773 507 891 579 minuc
916 507 1048 580 habere
1077 511 1241 608 ponderis

112 643 135 686 Α
149 637 275 690 niutau.
303 599 392 677 forte
404 605 579 677 videatur.
593 608 644 676 At
659 603 742 704 qui,
762 603 877 676 studio
895 605 1150 680 contrat-ianm
1160 631 1242 706 par·

300 703 416 795 tium,
439 703 572 776 alienus
592 727 730 799 semper
752 703 775 773 a
795 727 879 802 pere
922 701 930 718 '
961 701 988 774 's
1013 730 1113 778 novae
1136 717 1241 778 sectae

301 799 521 898 opinionibus
544 797 695 890 vixerit,
716 799 746 872 ia
771 827 841 872 non
861 729 971 891 affin:
997 803 1108 913 quim
1133 803 1241 876 totius

300 898 476 998 equitatis
503 894 695 967 rationibus
714 893 885 994 impulsus
905 897 951 968 ed
974 898 1239 1003 dicendumprc

300 995 500 1068 Chiistiand
512 1009 616 1105 gente
632 989 739 1065 debet
760 993 885 1064 videti.

348 1093 468 1163 Liceat
477 1090 585 1190 igitur
598 1091 686 1164 mihi
726 1117 813 1162 auca
826 1092 940 1164 dicere
953 1091 1236 1168 Christianorum

299 1191 336 1260 in
346 1190 517 1288 gratiam,
533 1216 620 1289 quos
639 1121 747 1288 prole
764 1191 845 1260 clun
860 1187 1055 1292 intelligam
1072 1211 1235 1306 expertes

239 1319 241 1324 ’
298 1312 372 1357 esse
397 1290 536 1384 pmrsds
560 1287 655 1358 illius
679 1283 858 1378 criminis,
882 1285 982 1386 cujus
1006 1287 1045 1359 in
1064 1287 1236 1364 inudiant

297 1401 490 1474 vocantur5
511 1411 582 1456 non
600 1383 699 1483 potui
724 1381 811 1455 mihi
827 1400 1047 1483 temperare,
1070 1389 1158 1488 quin
1181 1391 1237 1460 in·

298 1482 465 1552 nocentiae
494 1498 661 1579 patronus
688 1508 728 1552 ac
759 1477 921 1552 defensor
944 1483 1171 1575 accederem,
1198 1503 1236 1557 et

295 1577 430 1650 illatam
466 1595 585 1649 contra
609 1574 661 1649 fas
682 1603 785 1651 omne
816 1577 1067 1652 Perduellicnis
1100 1582 1235 1654 calum-

294 1676 390 1748 niam
408 1675 582 1748 amolirer.

102 1803 125 1878 a
140 1803 281 1866 aepugm.
315 1783 327 1886 '¹
341 1775 562 1888 Acprimdm
572 1769 716 1887 quidem
728 1773 837 1886 quim
848 1769 1003 1887 alienum
1012 1771 1234 1890 perduellio:

102 1868 172 1914 ’Μ’
292 1898 640 1944 n1scr1mencenser1
663 1871 788 1943 debuit
799 1873 845 1943 ab
866 1900 937 1964 ne,
960 1900 1023 1974 qtu
1038 1873 1233 1946 Chnsttam

292 1987 541 2069 nuncupantur
557 2022 568 2061 ,
588 1986 625 2042 et
639 1967 821 2041 Christum
835 1965 1028 2070 Religionis
1040 1997 1113 2041 euae
1131 1971 1233 2042 Prin-

289 2067 406 2166 cipem
430 2083 538 2168 atque
567 2083 744 2138 auctorem
767 2065 912 2145 coluntl
939 2067 1037 2140 Nam
1061 2068 1150 2168 quid
1170 2069 1231 2156 ille

292 2167 513 2238 connnendat
531 2165 690 2262 inprimis
713 2191 753 2254 ac
778 2165 934 2264 precipit
956 2165 1027 2245 cuia
1049 2167 1230 2240 sectatmi·

291 2261 383 2336 bus?
412 2264 541 2362 quibus
561 2261 730 2334 institutis
747 2288 786 2332 an
800 2261 936 2362 legibus
952 2263 1078 2336 nititur
1092 2265 1230 2377 Religio

289 2376 364 2432 tcta
378 2413 389 2452 ‚
430 2388 512 2432 uam
521 2359 666 2432 tradidit
677 2408 688 2450 ‚
701 2377 738 2432 et
749 2387 972 2434 communem
979 2359 1141 2436 omnibus
1151 2389 1231 2462 pm·

289 2485 391 2559 quec
431 2474 470 2530 tu
482 2458 691 2532 servandam
703 2456 835 2530 edixitl
848 2456 950 2534 Nihil
959 2457 1035 2530 haec
1049 2458 1228 2532 occultum

288 2556 464 2646 continet,
478 2555 567 2629 nihil
578 2583 643 2656 per
652 2555 818 2654 ambages
830 2607 841 2646 ,
855 2573 918 2630 aut
934 2561 1014 2631 clun
1029 2553 1232 2657 fncoloqui·

288 2669 360 2726 tur.
376 2653 501 2726 Palam
512 2669 566 2724 eat
574 2705 590 2741 ,
599 2669 636 2725 et
645 2653 684 2724 in
696 2652 779 2752 ipsis
792 2652 1071 2732 Christianorum
1080 2672 1227 2752 'expres-

287 2777 367 2823 sum
384 2749 539 2824 moribus
551 2805 563 2843 ,
592 2751 769 2852 quodcum
795 2777 840 2822 ue
863 2749 1046 2851 profitetur
1069 2772 1109 2821 at
1134 2777 1227 2849 prae-

95 2882 117 2926 ι
130 2876 273 2924 neeman
286 2851 392 2924 dieat.
408 2850 460 2927 At
469 2849 530 2921 illa
540 2899 551 2940 ,
563 2849 592 2919 si
606 2849 740 2940 nescis,
766 2778 908 2922 lidelem
924 2875 962 2918 ac
976 2848 1135 2920 nativam
1153 2849 1230 2920 suie

94 2943 246 3008 1³·¹⁵ff⁰⁰'¹·
285 2948 325 3020 in
341 2945 558 3046 principibus
572 2947 643 3018 Dei
654 2945 882 3046 Praepotentis
896 2945 1088 3044 imaginem
1106 2971 1228 3060 agnos-

286 3047 355 3137 cit3
382 3044 739 3145 singularemiisdem
755 3042 889 3114 cultum
904 3067 943 3112 ac
963 3059 1223 3136 reverentiam,

285 3145 460 3216 sincertun
470 3169 626 3215 amorem
645 3193 660 3226 ,
678 3139 940 3213 devotissimum
951 3138 1160 3239 obsequium
1170 3141 1234 3242 ju-

285 3240 347 3312 bet
359 3239 517 3312 exhiberi
530 3269 541 3331 ;
556 3266 618 3352 pro
632 3239 675 3312 iis
688 3238 826 3310 tuendis
836 3237 1019 3338 quodlibet
1032 3237 1122 3308 adiri
1128 3239 1225 3338 peri·

284 3339 427 3430 culum,
446 3365 654 3408 aan⁰u1nem
681 3363 720 3408 ac
744 3336 856 3408 vitam
872 3331 1037 3434 profundi
1058 3333 1222 3434 imperat.

284 3441 346 3510 An
359 3463 441 3538 ergo
456 3395 589 3509 nelina
600 3435 799 3532 legitimum
814 3435 853 3502 in
870 3432 1067 3530 Ptincipem
1081 3433 1227 3508 consilia

283 3535 500 3608 meditentur
515 3586 527 3625 ,
544 3531 673 3630 quibus
695 3531 771 3629 ipsa
787 3528 1123 3642 Religiopnaecifit,
1146 3557 1224 3602 mo-

238 3709 243 3714 ,
284 3635 460 3708 decantores
481 3656 559 3704 suos
577 3627 719 3702 sinceris
742 3627 941 3712 animorum
958 3627 1082 3704 nudus
1100 3629 1226 3702 deme·

222 3731 384 3814 ..ηήῖ
967 3749 971 3758 “
