2766 4412
348 258 552 310 trouu
603 258 874 322 rnruus.
1005 187 1139 324 345¹

46 374 65 403 “·
144 359 181 430 in
190 359 327 430 summi
340 359 547 460 populorum
559 359 769 430 desolatione
785 381 899 448 ,unus
913 355 1081 426 Metellus

145 453 275 549 adluit,
312 459 373 566 qui
403 458 555 556 jasentes
582 457 761 556 erigeret,
796 469 968 525 recrearet
995 479 1077 552 per-

32 562 48 659 i
144 553 255 645 ditos,
285 553 430 628 alllictos
471 548 718 626 consolaretur,
750 551 894 624 Vidistis
921 549 1015 650 ipsi,
1039 565 1081 622 ut

44 671 52 692 ·
145 651 273 722 oblitus
293 655 368 744 sul,
413 653 533 722 ericuli
555 677 718 742 securus,
736 649 856 722 salutis
874 648 1080 737 immemor,
1116 725 1119 736 Ι

52 763 59 790 ³
144 749 277 818 medios
289 773 358 848 per
377 679 600 820 llammarum
620 747 738 847 globos
753 776 791 818 ac
804 747 949 820 vortices
964 743 1079 816 irrue·

144 845 215 930 rit,
257 862 294 916 et
328 846 578 946 crepitantibus
612 846 884 946 circumquaque
918 841 1080 944 ignibus,

99 1015 103 1027 ,
143 959 238 1012 certo
265 942 410 1043 vestigio
438 943 477 1013 in
513 971 596 1015 eum
627 943 819 1055 perrexerit
847 941 989 1028 locum,
1016 937 1081 1009 ubi

69 1127 73 1136 ι
144 1035 285 1110 furebat
309 1041 460 1112 incendii
491 1041 544 1112 vis
572 1069 710 1138 ma10r3
738 1051 781 1111 'ut
804 1039 875 1110 suis
898 1039 971 1138 ipse
1002 1061 1081 1108 ma-

100 1165 111 1184 ·
144 1134 250 1224 nibus
277 1135 348 1236 jam
379 1153 573 1210 contactam
597 1137 749 1210 flammis
769 1165 902 1208 sacram
930 1132 1083 1210 Palladis

4 1273 5 1300 t
44 1291 48 1299 .
144 1233 333 1345 imaginem
351 1235 539 1333 eripuerit,
554 1252 591 1306 et
606 1236 751 1308 illaesam
763 1236 809 1306 ad
818 1261 877 1304 nos
889 1230 1080 1304 reduxerit.

144 1330 312 1422 Vidistis,
327 1333 497 1430 inquam,
519 1331 766 1428 obstupuistis,
786 1329 1003 1402 collaudastis
1020 1326 1082 1398 ho·

144 1426 250 1498 minis
289 1423 561 1520 fortitudinem,
589 1428 822 1528 triumphanti
848 1425 1079 1526 applausistis.

144 1525 199 1596 At
224 1524 262 1594 in
287 1524 444 1596 emuistis
465 1525 577 1598 multb
599 1525 733 1624 magis,
755 1551 836 1594 cum
864 1523 1083 1619 redemptam

2 1651 3 1702 3
72 1689 83 1721 ·.
143 1622 246 1692 canu
299 1621 393 1694 etelli
402 1621 598 1696 calamitate
609 1621 756 1694 salutem
768 1639 920 1694 vestram
929 1616 1085 1689 animad-

144 1717 310 1791 vertistis.
325 1717 457 1790 Nullus
474 1717 543 1791 fuit
554 1724 573 1790 ὁ
585 1719 705 1810 vobis,
725 1720 786 1819 qui
803 1735 980 1791 servatum
997 1715 1085 1814 opti-

116 1905 119 1912 Ι
145 1842 204 1886 mo
225 1813 382 1886 Pontifici
405 1817 582 1888 oculorum
602 1845 705 1888 usum
725 1843 787 1886 suo
804 1817 912 1929 ipsius
931 1811 1090 1914 periculo

145 1937 217 1983 non
226 1913 459 1985 voluisset.'Et
467 1915 533 1985 erit
543 1913 615 2014 jam
625 1913 764 2014 aliquis,
773 1941 833 2026 qur
845 1910 1086 1984 mulctandum

145 2035 232 2080 eum
252 2009 429 2123 dignitatis
450 1994 527 2084 'suoe
552 2011 687 2110 jacturd
717 2007 931 2082 arbrneturt
953 2007 1083 2112 Ecquis

147 2105 217 2176 erit
240 2105 426 2209 deruceps,
449 2109 512 2209 qui
531 2108 655 2222 positae
684 2109 827 2208 paribus
852 2108 890 2178 in
913 2104 1082 2204 angustiis

96 2186 103 2215 ⁸
147 2201 254 2301 Reip.
276 2205 437 2306 opitulari
455 2205 647 2278 sustineat?
670 2205 731 2319 qui
750 2203 872 2306 capitis
885 2201 1083 2275 discrimine

147 2317 314 2398 praestare
330 2331 389 2375 vos
409 2304 599 2376 incolumes
615 2303 727 2375 veliti

195 2399 344 2470 Atenim
357 2427 425 2473 non
438 2402 646 2473 estidoneus
665 2397 851 2490 Metellus,
872 2415 913 2470 ut
929 2397 1084 2468 muneris
1111 2415 1261 2483 Confusam&
1284 2397 1287 2407 '

146 2494 202 2566 sui
225 2512 342 2594 partes
363 2525 428 2597 per
449 2525 485 2570 se
507 2500 520 2569 i
546 2527 582 2570 se
609 2491 725 2570 obeat.
756 2497 832 2568 Hoc
857 2495 951 2567 enirn
973 2521 1084 2566 unum
1118 2485 1273 2605 'Qum

146 2609 222 2684 est,
255 2595 349 2706 quod
375 2611 448 2666 tarn
473 2527 652 2696 mailignb,
678 2599 785 2696 qudm
809 2591 990 2694 magnific&
1020 2571 1274 2671 ad-iitisiisnm

145 2716 319 2764 versamus
340 2710 458 2764 noster
481 2693 650 2794 jactavit3
669 2694 733 2764 hoc
751 2691 820 2764 suit
837 2719 948 2762 unum
971 2716 1084 2761 causae
1096 2683 1248 2802 ffiffi'

146 2786 281 2886 ipsius,
303 2803 339 2856 et
357 2789 497 2887 prolixae
521 2791 694 2862 Orationis
715 2787 991 2861 firmamentum.
1013 2787 1084 2858 Sed
1095 2832 1203 2870 munem·

147 2898 222 2952 esto
234 2882 362 2954 :multa
374 2887 461 2977 sint,
474 2913 553 2986 quae
566 2889 728 2987 deinceps
740 2873 904 2986 proestaie
917 2885 1096 2957 Metellus*

146 3000 219 3051 non
235 2979 375 3052 valeat:
407 2999 445 3052 at
472 2985 647 3084 numquid
672 2979 795 3056 ea'dem
821 3000 986 3082 praestare
1013 3009 1083 3054 non

146 3091 262 3176 potest
285 3103 349 3176 per
377 3077 485 3150 aliosi
507 3085 567 3151 An
595 3109 676 3182 ergo
699 3083 928 3180 Imperatores
951 3079 1082 3170 nostri,
1168 3169 1173 3176 ι
1279 3147 1283 3162 ,

146 3201 195 3244 on
211 3174 398 3266 Consules,
419 3203 465 3247 an
481 3178 596 3264 caeteri
603 3231 618 3267 ,
636 3207 722 3278 quos
737 3178 957 3248 moderandae
976 3177 1081 3275 Reip.
1091 3175 1099 3241 ’.

147 3268 376 3371 praefecistis,
414 3273 485 3343 suis
512 3275 580 3372 ipsi
610 3275 716 3343 oculis
740 3277 913 3370 usurpant
940 3272 1083 3365 omnia,

147 3385 210 3439 aut
221 3370 339 3440 omnia
354 3399 417 3470 per
428 3397 464 3441 se
481 3369 739 3469 exsequuntur?
755 3369 854 3460 Quid
870 3396 909 3439 er
932 3397 951 3440 o
968 3371 1084 3470 probi-

147 3463 233 3558 bet,
259 3467 421 3556 Judices,
474 3467 654 3558 uominrls,
682 3396 1058 3566 quemadmofilmillis
1072 3490 1088 3558 ,·

147 3561 199 3632 ita
222 3578 265 3633 c!
281 3565 426 3636 Metello
447 3495 544 3666 digni
565 3563 714 3635 ministri
733 3563 940 3664 seligantur,
965 3565 1028 3665 qui
1042 3565 1086 3637 de

148 3658 308 3731 omnibus
339 3663 384 3733 ad
411 3689 494 3734 eum
523 3661 699 3752 referant,
724 3662 808 3733 dum
833 3661 908 3762 ipse
947 3658 1096 3733 consilio'

147 3773 184 3858 et
195 3757 382 3856 prudentia
394 3787 456 3860 pro
469 3787 564 3834 rnore
580 3775 730 3851 statuet,
746 3759 919 3932 quidqpid
930 3761 975 3832 ad
988 3759 1088 3836 Reli-

139 3854 258 3958 ¹glonis
286 3882 533 3964 sacrorumque
556 3885 682 3935 curam
703 3859 838 3963 pertine
866 3857 906 3942 't
1066 3855 1100 3896 ·³
