2710 4418
327 229 853 278 trennrnrmus.
993 207 1066 296 245

117 311 243 418 itiam}
262 324 490 438 jam-illatam
504 325 641 398 sceleris
654 323 798 398 nefandi
814 325 932 398 labem
950 327 1066 396 tacitis
1112 407 1113 412 γ
1221 365 1223 372 v

1 515 2 528 χ
122 423 309 524 suffragiis.
320 425 514 524 depulistis.
530 424 646 494 Notus
658 425 756 496 vobis
766 424 934 495 nimirum
947 425 1066 495 Roscii

122 524 294 614 animus,
314 550 343 592 ,ε
368 538 482 594 ectata
513 522 635 620 primis
657 523 702 592 ab
728 521 828 592 annis
858 521 1067 594 suavissima

123 621 264 722 juvenis
290 551 425 691 inditles
442 635 479 691 et
507 621 717 692 tenerrimus
743 620 782 692 in
804 621 978 720 optimum
997 647 1066 720 pa-

124 735 266 791 rentem
281 745 401 808 arnon
420 718 483 829 qui
495 745 565 789 non
577 717 679 788 mods
697 717 788 789 tanti
800 718 938 790 sceleris
957 717 1068 789 socie·

126 832 239 888 tatem
263 816 529 907 nonadmittit,
548 815 744 886 sedetiam
774 815 832 886 vel
854 815 1070 887 levissimam

126 912 332 1012 suspicionis
357 913 524 984 umbram
545 913 722 984 amolitur.
758 913 896 987 Scilicet
923 913 1070 984 Roscius

155 1024 312 1086 arentem
330 1009 511 1083 occidisset
523 1021 540 1102 ,'
553 1036 668 1111 quem·
683 1011 827 1081 amabat
847 1015 988 1082 tantum
1002 1063 1013 1101 ,
1034 1026 1071 1082 et

126 1039 240 1209 uno
258 1107 410 1180 vicissim
426 1111 607 1208 tantopere
630 1107 840 1180 assabatur?
871 1107 905 1179 Ο
926 1109 956 1179 si
971 1107 1072 1207 loqui

131 1261 132 1266 η
177 1223 248 1278 sset
262 1203 384 1278 infelix
393 1207 539 1280 Roscius
555 1207 565 1278 l
581 1205 741 1278 siredire
762 1210 903 1278 rursum
924 1205 963 1276 in
979 1204 1073 1276 hanc

82 1389 87 1394 Ι
128 1235 269 1395 iiicem,
290 1331 361 1404 quo
378 1331 482 1378 sensu
504 1303 630 1376 doloris
648 1331 785 1375 summo
799 1303 922 1403 capitis
939 1303 978 1375 in
996 1301 1071 1373 dis-

131 1401 277 1474 crimina
298 1401 451 1514 positum
474 1405 538 1473 sud
556 1405 661 1473 causd
675 1401 814 1472 videret
830 1427 937 1492 eum,
964 1427 1074 1512 quem

129 1527 202 1574 non
216 1516 291 1576 tam
305 1511 382 1597 ipsa
393 1503 586 1571 communis
599 1497 777 1612 sanguinis
789 1551 801 1590 ‚
815 1501 924 1598 quam
935 1499 1075 1570 eximiae

131 1613 296 1697 spectatis
310 1598 450 1698 pietatis
462 1594 574 1670 officia
594 1613 630 1667 et
649 1596 834 1766 smssulsris
852 1597 1017 1696 quaedam
1033 1595 1076 1666 in
1106 1633 1107 1644 κ

132 1711 318 1796 parentem
334 1697 459 1766 caritas
471 1693 693 1766 amabileme
733 1693 894 1766 ciebant!

183 1793 255 1864 Sed
268 1793 388 1866 redeat
397 1792 495 1866 vobis
507 1795 546 1868 iu
556 1793 762 1868 memoriam
773 1844 783 1884 ‚
794 1791 947 1892 judices,
958 1789 1077 1891 qualis

1 1929 2 1940 ¹
132 1888 181 1962 ab
191 1890 267 1990 ipso
284 1890 440 1965 ineuntis
451 1891 565 1963 aetatis'
577 1890 718 1964 exordio
736 1889 882 1960 Roscius
895 1887 1076 1980 extiterit3

1 1987 2 2036 t
111 1987 210 2060 item
230 1989 327 2078 enim
354 1991 368 2060 i
393 2015 429 2060 sa
455 1987 650 2078 usalsficii‚.
669 1987 764 2088 quod
787 1987 962 2100 irrogatur
987 1985 1076 2084 ipsi,

133 2085 341 2186 magnitudo
359 2017 471 2176 iiiut,
511 2101 557 2159 ut
574 2081 642 2160 nisi
670 2085 898 2158 adolescentis
930 2087 969 2156 in
1001 2085 1079 2156 vite

133 2184 365 2264 ostendentis
377 2183 732 2282 expressapanic'idii
745 2183 912 2283 uestigia,
930 2209 987 2253 res
989 2208 1079 2347 1pro-

133 2279 356 2374 fustinum
374 2299 450 2355 tam
460 2281 626 2371 scelesta,
639 2298 713 2352 tam
724 2297 821 2352 atrox
833 2333 844 2372 ,
855 2297 931 2350 tam
942 2305 987 2350 ne
1004 2277 1081 2350 aria

134 2378 231 2452 credi
259 2405 331 2452 nou
359 2379 480 2478 possit.
513 2373 715 2450 Proferatur
743 2403 826 2476 ergo
855 2401 996 2447 necesse
1025 2391 1080 2445 est

135 2477 248 2575 turpis
269 2475 527 2567 adolescentia,
557 2474 719 2546 omnibus
747 2472 890 2574 flagitiis
920 2472 994 2544 vita
1021 2470 1080 2544 in-

136 2575 306 2676 quincta,
321 2591 483 2674 sumptus
497 2570 600 2644 effiisi
613 2601 694 2645 cum
708 2573 835 2671 probro
843 2600 882 2643 ac
893 2570 1080 2662 dedecore,

136 2689 305 2786 prorupta
326 2673 498 2764 audacia,
528 2697 674 2743 summa·
690 2671 897 2764 temeritas,
927 2695 1008 2772 quae
1033 2667 1081 2740 ab
1189 2681 1192 2697 ‘

135 2768 292 2842 msama'
314 2797 386 2842 non
418 2770 618 2843 abhorreat.
655 2771 812 2845 Accedat
839 2771 910 2840 huc
944 2781 1082 2868 oportet

137 2869 260 2942 odium
268 2870 443 2967 parentis,
458 2865 770 2940 animadversionis
780 2883 937 2967 paternae
947 2881 1079 2955 metus,

140 2967 245 3039 amici
260 2967 434 3066 improbi,
449 2965 544 3038 servi·
562 2963 712 3056 conscii,
731 2981 871 3064 tempus
888 2965 1081 3050 idoneum,

137 3065 233 3137 locus
244 3069 437 3170 opportune
448 3081 569 3163 captus
581 3063 626 3134 ad
635 3089 715 3133 eam
728 3089 824 3152 rem3
893 3059 1082 3145 nedicam,

136 3189 315 3264 respersas
325 3187 450 3232 manus
460 3189 523 3232 san
570 3161 628 3230 ine
636 3177 781 3256 paterno
791 3158 830 3256 ju
856 3159 926 3227 ices
939 3152 1084 3226 videant

139 3276 278 3362 oportet
292 3258 356 3350 ,si
371 3273 513 3330 tantum
523 3189 664 3328 iicinus
677 3253 848 3326 credituri
861 3253 944 3323 sint.

192 3359 264 3432 Vos
279 3410 291 3450 ,
304 3383 366 3428 vos
384 3354 541 3455 appello,
560 3367 775 3424 accusatores
788 3348 937 3443 nefarii,
959 3367 1086 3423 ettam
1137 3393 1205 3456 nepa
1222 3413 1282 3442 m,

142 3454 314 3528 inauditas
340 3453 526 3525 calumniae
556 3447 763 3550 nequissimi
787 3439 962 3541 artifices3
993 3449 1087 3520 edite
1100 3411 1280 3524 fissbssflictis·

141 3551 245 3626 nobis
264 3552 481 3654 excogitate,
500 3547 622 3652 fingite
640 3548 771 3656 etiam,
791 3547 820 3619 si
832 3547 1001 3648 potestis,
1021 3546 1088 3618 ali-

108 3715 112 3722 .
146 3647 245 3749 quod
262 3650 301 3718 in
321 3655 396 3723 tote
412 3649 532 3723 Roscii
555 3646 790 3720 adolescentia
805 3647 1008 3746 flagitium,
1026 3672 1090 3744 per

150 3743 275 3847 quod,
296 3750 397 3844 quasi
419 3775 484 3846 per
500 3748 653 3848 gradus,
675 3745 720 3816 ad
744 3745 875 3837 istam,
902 3745 1091 3845 quamim-

149 3842 1094 3946 putatisipsi,impietatemascenderit.Nemorepente
