2766 4412
89 121 93 138 ·
301 151 373 230 Md
559 171 975 224 nunnontcn

301 280 372 368 Ne·
394 274 543 377 injurius
567 277 691 346 revera
723 274 811 360 sinn,
840 275 1015 368 dedices,
1049 293 1085 348 et
1122 279 1249 378 dignus

302 374 565 463 criminatione,
616 397 672 442 uae
695 371 787 443 mihi
815 371 1020 444 clarissimos
1045 377 1137 474 apud
1155 377 1249 448 viros

239 554 246 567 Ι
302 471 471 562 inferum
493 471 522 541 si
545 399 756 541 delirandum
780 469 961 542 hominem
982 471 1092 545 velim
1108 489 1147 546 re
1160 477 1248 564 sud,

304 589 362 663 et,
395 595 503 670 quam
527 595 591 667 pro
613 567 692 665 jure
717 593 780 640 suo
805 584 943 681 repetat
955 621 968 661 ,
989 569 1144 642 abnuam
1171 597 1251 670 per*

235 706 238 711 ·
305 669 451 740 solvere.
472 667 607 738 Verum
626 664 690 736 hoc
710 665 829 764 agitur
847 683 941 738 mter
963 694 1053 760 nos,
1080 668 1223 741 Jndices
1234 720 1249 760 ,

177 839 180 848 ,
304 765 369 838 hoc
390 763 619 835 contentionis
638 761 820 833 hodiernae
839 781 971 864 caput,
997 792 1044 836 an
1065 766 1187 836 debita
1202 767 1251 837 sit

303 891 442 935 merces
467 861 527 932 illa
539 911 551 952 ,
589 887 698 960 quarn
715 859 843 956 ,Corax
875 862 1100 960 pertinaciter
1125 863 1248 962 exigit.

128 947 130 955 Α
188 980 190 984 ’
302 958 470 1034 Affirmat
485 957 544 1028 ille
566 957 711 1058 quidem
725 955 961 1051 confidenter,
979 976 1080 1034 vocat
1096 987 1155 1031 me
1172 987 1253 1033 res-

303 1074 398 1132 trum
418 1057 464 1128 ad
486 1054 660 1144 tribunal3
693 1053 850 1127 iniractae
872 1054 956 1128 fidei
978 1073 1015 1127 et
1033 1055 1253 1129 immemoris

304 1153 414 1227 animi
441 1154 574 1226 crimen
599 1152 731 1250 objicit.
754 1152 830 1252 Ego
854 1159 959 1245 vero,
982 1155 1151 1246 tudine,
1177 1169 1252 1227 non

297 1250 518 1324 confidenter
546 1251 663 1322 mintls
675 1301 687 1340 ,
724 1254 833 1350 qudm
864 1253 949 1322 vere
975 1250 1131 1330 debitam
1158 1281 1251 1354 nego
1293 1255 1309 1280 ““

304 1351 526 1436 mercedem,
560 1347 621 1418 ille
652 1375 760 1448 quam
794 1347 917 1446 petit:
945 1348 1070 1419 adsum
1104 1367 1250 1448 paratus

305 1450 440 1523 diluere
455 1445 690 1537 columniam,
718 1445 790 1546 qud
810 1471 868 1516 me
889 1463 1075 1545 provocat,
1094 1462 1132 1518 et
1148 1447 1249 1520 inu's·

305 1564 379 1617 tam
399 1545 533 1618 nomini
551 1572 630 1616 uteo
648 1542 768 1615 labam
788 1543 995 1615 accusatoris
1015 1546 1122 1644 poena
1134 1544 1249 1616 mulc⁵

305 1645 373 1716 tari
384 1643 626 1743 postulo.Utri
637 1644 794 1713 noatrdrn
802 1641 890 1714 ratio
898 1641 1025 1715 militet
1033 1657 1070 1714 et
1079 1642 1247 1743 aequitas,-

239 1784 243 1802 .
303 1757 369 1843 per
389 1740 591 1839 vosmetipsi
609 1739 776 1839 judicate.

355 1839 538 1910 Perm'otus
578 1863 642 1936 ego
680 1835 894 1910 Adolescens
938 1838 1085 1910 Coracis.
1119 1819 1250 1910 eruditi

309 1933 475 2008 Rhetoris
497 1928 620 2024 fama,
646 1931 728 2005 reni
756 1935 802 2005 ad
829 1949 913 2009 eum
935 1936 1157 2039 Eloquentiae
1172 1963 1251 2034 per-

307 2032 480 2104 discendae
509 2030 766 2130 cupidissimus.
803 2032 890 2125 Ille,
924 2049 967 2106 ut
993 2061 1051 2106 me
1079 2034 1248 2136 aspexit,
1278 2095 1282 2105 .

306 2145 417 2230 atque
436 2129 546 2202 etiam
562 2129 902 2230 interrogatiunculis
923 2131 1136 2232 quibusdam
1153 2133 1250 2234 inge-

307 2227 360 2300 itii
391 2228 484 2318 mei,
519 2226 548 2297 ai
581 2227 676 2329 quod
706 2244 761 2299 est
773 2279 785 2320 ,
813 2227 895 2301 fecit
918 2229 1139 2328 periculum,
1177 2251 1270 2302 non·

307 2323 491 2398 dubitavit·
510 2321 709 2417 affirmare,
738 2353 812 2397 esse
837 2327 876 2398 in
903 2343 1058 2400 menon
1084 2328 1135 2400 ita
1163 2355 1248 2400 eon·
1361 2381 1366 2394 .

285 2468 288 2478 ·
306 2411 534 2496 temnendam
549 2414 595 2493 ad
612 2425 862 2536 capescendam
875 2419 1123 2525 Eloquentiam
1135 2421 1250 2500 sacul-

308 2537 445 2612 tatem3
462 2548 555 2634 ,quae
574 2522 604 2591 si
626 2521 787 2620 diligenti
807 2523 922 2594 studio
943 2539 979 2593 et
1004 2522 1116 2620 perito
1135 2523 1248 2622 inpri-

308 2619 375 2714 mis
403 2637 569 2719 magrstro
598 2619 839 2710 excoleretur,
868 2617 1001 2690 fructus
1027 2617 1159 2692 habere
1187 2621 1250 2691 ali-

308 2717 448 2814 quando
491 2731 607 2817 posset
642 2714 795 2788 *minime
843 2715 1076 2814 poenitendos.
1125 2719 1250 2792 Exarsi

308 2814 472 2886 continuit
504 2815 614 2916 magis
649 2841 688 2885 ac
721 2825 781 2884 ma
805 2814 838 2883 's
873 2818 964 2886 nord
996 2816 1124 2888 dirinae
1154 2815 1248 2887 illius

308 2913 392 2984 ortis
409 2913 625 3012 cupiditate,
648 2929 684 2983 et
701 2911 749 2982 ad
797 2939 934 2984 cracem
958 2935 1164 3005 conversus,
1185 2939 1248 3014 age

308 3009 355 3082 sis
371 3033 477 3112 ergo,
494 3011 589 3101 dixi,
609 3011 795 3083 hontinnm*
809 3011 1017 3109 peritissime
1026 3041 1037 3105 3
1053 3039 1131 3084 ecce
1147 3011 1249 3082 trado

246 3185 247 3192 χ
307 3135 365 3182 me
390 3110 456 3180 tibi
477 3108 657 3209 praeceptis
673 3108 743 3178 tuis
759 3109 1015 3194 instituendum
1030 3139 1042 3202 3
1058 3111 1122 3183 hoc
1134 3111 1172 3181 in
1190 3132 1249 3182 me·

353 3203 434 3281 rfice
445 3259 456 3299 ,
477 3207 572 3307 quod
592 3205 788 3306 polliceris,
810 3230 873 3279 nec
891 3209 1007 3280 levem
1026 3207 1176 3308 impensi
1192 3207 1246 3278 la·

354 3305 402 3374 ris
422 3306 620 3378 mercedem
636 3321 809 3406 exspecta.
828 3307 976 3408 Accepit
995 3306 1054 3376 ille
1078 3303 1250 3375 conditio-

194 3449 197 3464 .
308 3429 411 3495 nem3
432 3421 535 3503 pacta
558 3431 690 3476 merces
710 3421 764 3475 est
786 3432 795 3476 ε
816 3406 898 3476 veni
919 3407 963 3476 ad
987 3431 1068 3492 eum
1085 3402 1245 3493 assiduej

309 3502 430 3601 excepi
442 3503 627 3602 diligenter
639 3503 756 3572 doctas
771 3504 875 3601 periti
887 3501 1051 3616 Magistri
1060 3501 1226 3574 lectiones
1232 3529 1247 3595 ς
1290 3499 1293 3504 ’

308 3625 379 3671 uno
395 3597 507 3716 yerbo
525 3615 638 3671 artem
658 3599 780 3714 didici,
802 3599 971 3714 perdidici
985 3627 996 3691 3
1012 3599 1084 3714 imp
1100 3599 1160 3693 ,'si
1175 3625 1245 3769 pua

309 3693 442 3768 honum
451 3695 538 3771 fides
549 3713 623 3790 est,
636 3723 722 3772 noar
729 3749 741 3792 ‚
753 3713 794 3773 ut
806 3719 993 3802 quisquam
1002 3699 1179 3799 opmne.ll
1193 3695 1247 3768 1h1·
