2756 4414
265 177 272 252 J
339 211 515 258 arnna
564 159 874 256 sno'nnnus.
990 191 1062 287 449

5 379 7 400 ἱ
123 310 280 383 tenebrae
301 309 419 380 omnia
449 303 692 399 confimdunt3
727 305 842 377 dicam
873 313 992 388 tamen
1019 311 1065 384 ad

5 419 6 490 J
124 407 391 480 aestimationem
410 404 555 505 jacturae
579 405 772 498 Zeuxidis,
810 401 905 478 hunc
928 407 1067 504 perdita

124 531 189 604 per
206 504 399 576 caecitatem
418 503 506 574 lucis
526 507 653 596 usurd,
674 519 711 574 et
726 501 925 574 mitioribus
948 531 1083 584 careret.

125 605 207 674 vitae
225 601 352 692 bonis,
372 617 410 672 et
430 600 629 672 durioribus
654 599 775 671 mortis
799 599 921 678 vivum
939 624 979 673 ac
995 602 1067 702 spi-
1110 621 1111 624 ’

125 716 264 771 tantem
283 699 385 770 malis
401 694 568 770 affectum
586 696 707 770 fiusse.

175 799 393 889 Querantur'
409 795 469 866 alii
497 796 640 868 amissas
666 822 771 896 opes,
802 797 914 872 famae
937 797 1069 873 damna

125 895 314 994 gloriaeque
335 894 389 966 illi
410 893 576 994 lugeant,
599 893 727 994 quibus
751 895 805 967 uti
823 895 878 968 his
897 895 999 967 bonis
1022 895 1067 966 li-

125 1009 202 1063 ceat
213 1045 228 1078 ‚
256 1019 321 1062 nec
346 990 476 1093 quibus
501 992 636 1092 majora
658 991 729 1062 sint
755 991 964 1096 dispendia,
1013 1003 1070 1064 uae

125 1089 279 1162 doleantss
297 1090 383 1160 Haec
399 1087 528 1160 Zeuxis
548 1117 621 1162 non
637 1110 823 1164 enumerat
841 1093 880 1164 in
903 1092 986 1164 vitae
1029 1118 1068 1161 o-

124 1189 201 1278 nis,
234 1187 331 1302 qued
353 1213 418 1257 nec
445 1186 508 1256 illa
561 1187 707 1280 uidem,
738 1189 768 1260 si
790 1185 1000 1280 affluerent,
1027 1203 1070 1259 ut

125 1281 347 1359 afflunssent
361 1283 489 1354 Pictori
514 1213 760 1378 cileberrimo,
779 1289 823 1358 iis
850 1284 920 1359 frui
937 1303 1067 1386 posset.

125 1381 258 1480 Ecquis
271 1383 367 1452 enim
383 1379 517 1451 homini
529 1408 618 1454 caeco
629 1383 771 1456 relictus
783 1383 957 1456 bonorum
969 1411 1080 1474 usus,

20 1495 23 1504 ‘
69 1501 72 1510 ’
126 1477 190 1550 ubi
211 1477 317 1550 nulla
328 1477 549 1579 jucunditas,
568 1480 669 1552 nulla
689 1481 894 1574 delectatio,
913 1480 977 1552 ubi
992 1479 1070 1552 lirc-

126 1591 184 1647 tus
197 1579 543 1676 contrd,{moerorque
558 1595 725 1671 aeternus,
737 1579 801 1651 ubi
810 1608 891 1652 unae
902 1595 1072 1678 superant

6 1731 7 1736 1
124 1673 314 1771 lacrymae,
336 1700 397 1744 sus
420 1673 507 1766 iria,
527 1676 705 1776 gemitus?
722 1677 845 1752 Tuum
858 1678 948 1750 illud
959 1675 1071 1776 patri-

126 1701 447 1864 monium,'inlelix
464 1773 635 1868 Juvenis,
655 1793 738 1847 tuus
756 1803 904 1868 census,
928 1792 992 1846 tua
1010 1772 1071 1846 he·

80 1893 84 1902 ·
112 1869 271 1946 reditas.
296 1870 475 1954 Ananim
499 1871 757 1973 dolori'parcat
780 1873 866 1966 ille,
893 1872 1072 1974 abstergat

24 2000 25 2004 ¹
79 2063 80 2066 Ἴ
126 1966 320 2065 lacrymas,
335 1966 490 2065 suspiriis
506 1970 651 2041 modum
667 1970 927 2070 ponatulluml
945 1998 991 2042 an
1000 1997 1073 2042 non

125 2066 328 2136 extabescat
343 2064 539 2158 desiderio,
561 2068 675 2168 quiet
691 2069 806 2141 oculos
823 2069 943 2140 amisit
959 2085 996 2141 et
1012 2068 1071 2140 lu·

5 2195 7 2202 ·
125 2188 226 2254 cem,
248 2161 377 2262 quibus
397 2161 531 2234 dolores
556 2163 721 2236 levantur
744 2163 892 2237 omnes?

107 2285 110 2290 ·
177 2259 326 2330 Ateniin
339 2257 404 2328 hoc
421 2259 520 2330 vobis
533 2259 681 2330 allatum
693 2279 769 2353 est,
786 2279 960 2361 tanquam
976 2271 1074 2361 eg're·

128 2357 228 2457 genn
241 2356 288 2427 ad
303 2353 474 2426 tuendam
490 2355 678 2443 Demarati
688 2385 832 2429 causam
849 2357 1072 2456 praesidium,

26 2456 30 2463 ’
124 2455 227 2555 quod
241 2451 352 2544 lilios,
375 2454 471 2556 qudd
482 2479 651 2546 uxorem,
671 2457 766 2555 qudd
780 2479 1004 2528 numerosam
1017 2454 1073 2527 sa-

126 2553 261 2626 miliam
280 2551 452 2644 haberet,
477 2550 552 2622 haec
569 2551 708 2624 utinam
725 2553 792 2624 sibi
808 2570 926 2653 posset
941 2553 1072 2625 Zeuxis

127 2649 326 2740 vindicare,
345 2649 507 2722 Judices!
526 2650 763 2722 Demaratum
785 2666 994 2734 moerentem
1011 2655 1072 2722 'sos
1092 2665 1096 2672 '

126 2747 224 2820 latur
241 2768 353 2836 suntor,
370 2747 446 2819 nati
457 2764 617 2820 recreant
633 2745 827 2838 afflictum,
846 2763 921 2818 tota
938 2745 1072 2825 [anilia

128 2844 262 2918 mutuis
280 2843 404 2914 studiis
419 2843 604 2916 exhilarat.
624 2848 782 2919 Moestus
803 2842 863 2914 ille
875 2897 886 2936 ,
899 2843 1071 2918 desertus

125 2957 218 3012 totos
233 2967 297 3040 per
313 2941 387 3012 dies
405 2951 568 3041 angustos
582 2943 673 3012 lares
689 2940 851 3034 habitat3
874 2969 939 3013 nec
961 2941 1073 3016 ullam
1136 2973 1137 2976 ¹
1231 2969 1234 2976 '

127 3039 196 3112 nisi
214 3039 252 3109 in
272 3037 434 3138 lacrymis
456 3039 527 3111 suis
549 3055 611 3114 aut
628 3049 749 3140 spem,
772 3055 835 3111 aut
853 3039 1073 3138 voluptatem

79 3143 81 3150 ⁴
127 3135 251 3209 habet.
280 3134 376 3207 Nam
396 3136 483 3236 quid
506 3137 541 3209 ei
561 3136 663 3210 dulce
684 3154 747 3210 aut
773 3137 969 3235 jucundum
997 3165 1072 3212 esse

117 3241 127 3250 ⁵
154 3235 239 3306 ossit
250 3247 265 3325 ,'
284 3235 346 3306 oui'
359 3233 493 3306 caecitas
509 3262 655 3306 usuram
677 3233 811 3306 ademit
827 3233 914 3305 lucis
934 3251 971 3313 et
988 3263 1072 3308 ocu-

68 3359 70 3365 ·
127 3264 263 3424 linum,
284 3331 414 3432 quibus
429 3331 554 3403 mundi
566 3331 674 3404 lru'us
684 3329 905 3408 amoenitates
915 3331 1072 3406 delicias-

128 3458 200 3530 que
217 3429 351 3504 delibat
363 3429 469 3516 homo
481 3457 520 3506 aa
535 3359 791 3530 quodammodo
807 3429 974 3528 possidet.
989 3431 1073 3504 Ete-

130 3528 207 3600 nim
216 3526 453 3628 quidquidest
462 3526 713 3627 inaspectabili
725 3527 857 3598 mundo
866 3526 1070 3629 pulchrum,

5 3637 6 3642 ’
89 3648 91 3652 ·
157 3625 307 3724 uidq'uid
329 3624 541 3702 ¹mortalium
564 3626 669 3698 oculis
699 3624 867 3725 subjecit,
896 3625 1071 3727 quidquid
1179 3657 1186 3674 ·

129 3652 230 3796 dedit
252 3719 451 3796 hominibus
468 3723 642 3799 utendum
658 3737 805 3816 natura,
825 3739 863 3795 et
881 3724 981 3824 quasi
994 3751 1072 3824 pos·

232 3820 337 3893 Tam.
364 3823 399 3894 I.
640 3885 642 3890 ,
828 3817 887 3896 Ff
