2756 4414
352 263 526 314 ursan
574 259 877 312 accursus.
1012 233 1088 327 425

149 362 337 465 prudentia
349 389 389 435 ac
401 362 584 465 singularis
592 360 785 434 sollicitudo
800 358 935 460 longiis
952 358 1086 430 &nobis

147 463 277 561 exegit.
311 462 451 536 Civium
483 459 717 560 perduellium
745 457 884 528 exitiale
919 451 1084 550 tarmus,
1191 519 1194 528 .

146 557 246 630 luem
268 558 367 630 illam
385 557 732 659 perniciosissimam,
763 555 838 626 nisi
858 553 992 625 malum
1015 555 1086 624 Su·

148 656 226 770 peri
239 655 467 748 avertissent,
480 657 711 730 restituebat.
730 652 872 724 Gratias
888 650 1085 748 enimvero,

146 753 361 832 immortales
377 755 460 846 Dii,
475 755 574 826 robis
589 752 696 852 hujus
713 749 811 842 urbis
827 747 1086 840 servatoribus,

145 875 301 949 quorum
318 852 392 923 sine
433 852 587 944 recidis,
601 851 735 923 nullam
745 849 819 950 jam
834 846 986 940 urbem,
1003 845 1087 920 nul·

144 943 389 1060 lampuniam
457 950 633 1024 beremus.

196 1047 324 1126 Videte
339 1073 444 1147 ergo,
468 1049 630 1141 tunicas,
645 1075 716 1148 quo
736 1073 797 1121 vos
816 1072 891 1118 esse
915 1044 1033 1116 animo
1049 1043 1088 1116 in

145 1143 342 1253 perduelles
365 1162 534 1244 oporteat.
554 1149 703 1218 Pensate
713 1198 725 1239 ,
738 1147 768 1218 si
780 1171 889 1246 quam
906 1159 1089 1216 merentur

144 1239 200 1310 ati
217 1242 391 1340 gratiam,
410 1269 474 1342 per
497 1265 585 1343 quos
612 1272 684 1315 non
708 1243 825 1335 stetit,
856 1242 943 1354 quin
971 1241 1087 1334 cives²

144 1353 320 1438 quotquot
340 1355 443 1432 sunt,
464 1341 592 1441 opt'uni¹
608 1340 927 1412 immisericorditer
951 1354 1086 1410 macta·

145 1449 283 1507 renutr.
301 1435 399 1508 Nam
414 1463 495 1537 quas
512 1465 588 1536 spes
605 1441 761 1510 restabat
777 1437 864 1528 alia,
883 1435 913 1508 si
928 1435 1085 1582 Tarqui-

19 1543 22 1546 ’
144 1531 227 1602 nius
250 1533 367 1629 denuo
395 1537 709 1608 rerum-dominus
738 1533 849 1606 factus
875 1530 1020 1604 fuisset.
1049 1531 1088 1604 si

144 1633 288 1702 rursum
297 1657 378 1703 curn
389 1631 505 1733 impiis
519 1631 637 1706 liberis
652 1633 690 1704 in
703 1633 768 1706 hac
786 1631 874 1704 urbe
889 1629 1089 1730 regnasseti

146 1727 267 1818 Quem
282 1729 479 1828 posuissent
487 1729 539 1802 illi
554 1727 662 1816 furori
675 1759 737 1802 suo
748 1727 914 1802 modum?
929 1729 1016 1830 quid
1030 1727 1089 1800 in-

9 1913 23 1932 „
144 1839 280 1899 tactum
298 1843 361 1898 aut
388 1825 566 1928 integrum
591 1833 613 1900 i
638 1830 732 1900 caede
753 1845 795 1942 et
815 1825 985 1939 sanguine
1002 1823 1089 1898 reli·

144 1921 328 2022 quissent?
354 1925 506 1998 Pereunt
527 1953 610 2027 ergo
632 1927 704 2018 illi,
761 1953 799 1998 ur
825 1950 939 2024 pente
968 1950 1089 1995 omnes

144 2019 252 2092 bonos
272 2022 363 2094 cives
382 2024 582 2096 voluerunt.
608 2022 716 2116 Quod
736 1952 858 2095 ierant
885 2039 960 2094 tun
981 2047 1088 2134 grave

143 2116 375 2284 squlicium,
397 2122 494 2220 quod
504 2119 649 2202 inferius
666 2121 794 2194 scelere
812 2147 875 2192 suo
892 2119 1005 2192 viden
1017 2146 1088 2191 non

144 2214 191 2286 de
217 2215 298 2286 cati
315 2213 443 2317 Neque
466 2247 528 2290 vos
542 2221 694 2291 retineat
714 2220 833 2290 miseri
855 2217 1011 2318 parentis
1034 2245 1090 2290 or·

144 2309 237 2384 bibas
261 2327 297 2384 et
321 2312 436 2386 luctus
455 2341 501 2385 ex
521 2316 671 2388 orbitate
695 2331 890 2386 secuturus.
911 2315 1090 2416 Equidem

32 2495 38 2506 ¹
142 2408 276 2502 fateor,
304 2411 470 2503 Judices,
496 2412 593 2484 aliud
624 2411 707 2484 ciris
733 2411 877 2512 optimi,
906 2427 1089 2510 patrisque

144 2508 376 2582 amantissimi
391 2508 567 2609 probitas,
586 2509 742 2602 animus,
763 2509 919 2580 studium
936 2524 973 2580 et
991 2534 1089 2580 amor

143 2604 317 2678 libertatis
348 2606 537 2708 praemium
564 2625 796 2706 reposcerent.
831 2605 914 2677 Non
944 2605 1091 2679 deberet

98 2720 101 2732 '
145 2703 205 2778 ille
217 2703 351 2775 luctum
386 2733 425 2777 ro
437 2705 592 2808 gaudio,
612 2733 675 2806 pro
687 2703 847 2778 mercede
860 2701 1087 2802 supplicium,

144 2827 209 2902 pro
227 2731 406 2917 triumoiio
423 2805 571 2902 geminae
597 2803 745 2894 sobolis,
766 2817 802 2874 et
823 2827 905 2871 cum
923 2801 965 2872 ea
982 2800 1089 2870 totius

146 2899 271 2970 domus
281 2899 455 2970 excidium
464 2901 549 3014 pati.
564 2904 617 2973 At
626 2903 778 2973 Brutum
790 2899 971 2989 novimus,
989 2897 1013 2972 J
1015 2897 1091 2968 udi·
1208 2947 1209 2954 κ

147 3021 227 3087 ces3
246 2994 372 3066 scimus
388 3024 457 3096 quo
470 2999 529 3070 ille
545 2999 707 3069 incensus
720 2997 758 3068 in
775 2995 945 3096 patriam,
966 2995 1090 3096 quoin

146 3117 439 3194 unumquemque
461 3098 618 3168 restrum
638 3094 753 3168 studio
772 3095 840 3187 sit,
866 3093 930 3194 qui
951 3119 988 3162 se
1011 3089 1090 3162 affi-

145 3217 251 3283 cere,
282 3191 345 3290 qui
361 3215 404 3288 pr
446 3192 597 3292 inquum
615 3220 690 3266 esse
708 3191 862 3266 oblivisci
890 3190 987 3262 visus
1012 3204 1089 3280 est,

146 3289 233 3362 dum
243 3289 287 3360 de
303 3315 415 3387 peren
439 3291 570 3361 anobis
586 3290 749 3365 libertate
767 3303 944 3388 ageretur.
960 3285 1090 3388 Neque

147 3393 231 3462 verb
250 3413 286 3457 se
306 3403 445 3486 patrem
463 3411 539 3459 esse
555 3386 780 3477 meminerit,
799 3385 885 3457 dum
895 3384 993 3458 illata
1008 3409 1089 3456 ves-

147 3499 212 3555 trae
241 3483 396 3556 libertati
426 3483 523 3557 labes
556 3484 623 3558 erit
650 3483 875 3558 vindicanda.
913 3481 1092 3556 Naturam

28 3609 30 3613 ·
148 3581 262 3680 ipsam
273 3584 366 3656 ultro
378 3581 517 3684 jubebit
531 3582 792 3677 obmutescere,
809 3599 853 3656 ut
866 3607 976 3654 unam
994 3581 1089 3652 Con-

148 3679 235 3752 sulis
256 3707 377 3754 vocem
399 3679 543 3773 audiat,
563 3707 680 3786 neque
698 3666 802 3754 *aliud
819 3676 1019 3780 expectabit
1034 3678 1090 3750 vi-

148 3775 328 3880 gilantia,
351 3775 591 3856 wscilicitudiuis
614 3779 835 3882 erimpenscc
855 3777 977 3856 salutis
997 3803 1091 3876 pras·
