2756 4414
342 247 517 292 rrsra
565 243 873 293 secururs.
1008 228 1078 316 441

142 341 252 414 ictum
273 342 423 434 avertit3
444 343 493 413 sic
510 363 574 414 nec
591 357 851 414 controversum
868 341 932 412 ulli
949 344 1084 416 videre·

26 486 31 496 ι
140 455 219 532 tur,
245 457 429 540 paternam
458 438 694 514 hereditatem
716 439 832 512 eidem
858 466 933 511 esse
958 443 1083 514 vestris

139 533 314 638 suffragiis
332 537 576 610 addicendam.
601 535 672 607 Sed
690 535 856 637 quoniam
876 538 920 608 dc
936 540 1083 638 acceptis

139 635 250 746 patris
275 637 380 706 causa
399 633 536 706 damnis
556 637 697 704 tanttm
718 633 775 705 hlc
800 635 857 734 agi
877 635 1085 732 Adversarii

139 732 332 806 inclamant
342 785 354 824 ,
372 731 437 804 hoc
457 732 608 832 denique
620 731 814 802 Demarato
831 729 958 803 Clienti
977 757 1082 832 supe-

142 845 216 902 rest
230 857 329 922 nvo,
348 847 408 922 ut,
426 829 484 902 cui
503 828 618 901 suain
638 828 701 900 Pol
726 828 1000 904 cratememerita
1018 831 1083 901 ad-

140 926 363 1000 scribendam
389 926 511 1028 gratiae
537 924 678 998 nomine
701 855 936 998 ier-adiutam
962 944 1085 1025 postu,-

143 1019 290 1116 labant,
316 1023 406 1096 hanc
427 1024 495 1124 ipsi
520 1023 565 1096 ob
591 1038 732 1136 accepta
754 1049 817 1125 pro
864 1024 947 1096 atris
974 1025 1087 1096 salute

25 1167 32 1176 -
141 1121 354 1192 detrimenta
377 1121 536 1196 omnium
561 1147 735 1213 maxima,
754 1149 802 1222 qu
850 1149 907 1193 am
925 1149 1087 1223 compen·

140 1217 284 1290 sationis
302 1217 398 1319 jure,
419 1217 640 1316 adjudicetis.

190 1316 260 1388 Aio
279 1316 374 1387 enim
385 1367 396 1406 ,
416 1315 577 1408 iudices,
603 1317 840 1388 Demaratum
858 1316 905 1388 sic
922 1315 1085 1388 omnihus

142 1437 218 1484 esse
236 1429 273 1484 et
290 1409 555 1484 patrisfamilias
581 1430 618 1484 et
640 1413 769 1512 privati
794 1411 996 1526 publicique
1019 1413 1088 1486 viri

22 1519 28 1528 '
63 1513 65 1516 ’
142 1535 316 1582 manuum
344 1503 480 1604 jactari
515 1511 694 1608 privatum
726 1511 848 1602 boms,
883 1527 924 1582 ut
941 1533 1086 1584 ‘nume-

136 1631 231 1682 rosae
259 1605 385 1677 sobolis
411 1633 544 1718 parens
577 1606 737 1706 ejusdem
759 1609 950 1680 educandae
974 1605 1087 1680 facul-

141 1718 254 1774 tatem
281 1703 438 1776 amisertt
450 1731 463 1796 3
488 1721 530 1777 ut
560 1703 706 1805 insignis
733 1707 933 1778 Statuarius
962 1702 1086 1797 fama,

140 1827 253 1900 quam
273 1798 341 1871 sibi
366 1818 653 1919 comparaverat,
700 1803 816 1874 cuitus
833 1804 1024 1893 exciderit3
1046 1818 1088 1873 ut

142 1897 294 1995 optimus
313 1897 408 1971 Civis
436 1899 637 1972 mtercisam
668 1830 899 1974 defendendae
923 1900 1087 1999 deinceps

169 1995 266 2067 atriae
284 2022 382 2094 spem
394 2023 535 2070 omnem
552 2015 810 2098 conqueratur,
828 2025 909 2097 quoe
919 1999 990 2070 tria
1001 1998 1089 2068 dum
1194 1999 1200 2018 ⁸

141 2022 260 2163 delibo
292 2097 461 2186 tantdm,
496 2092 612 2168 favete
651 2093 824 2196 linguis„
849 2096 1018 2186 Judices,
1052 2109 1089 2164 et

142 2187 320 2260 dicentem
349 2191 531 2264 sustinete.

192 2289 316 2386 Atque
340 2285 397 2356 hic
426 2288 596 2387 quidem,
627 2287 691 2358 ubi
711 2289 756 2358 de
780 2287 916 2358 amissis
940 2287 1089 2358 fortunis

144 2383 281 2496 agitur,
307 2399 443 2455 recreat
468 2411 621 2456 menon
643 2384 885 2474 mediocriter,
913 2383 1008 2484 qubd
1031 2410 1089 2454 eos

143 2507 213 2551 arm
233 2497 377 2572 nactus,
408 2481 571 2572 Judices,
603 2481 688 2581 qui,
715 2485 794 2552 cdm
821 2479 1089 2580 patresfamilias

144 2578 254 2650 iidem
283 2578 375 2670 sint,
400 2575 617 2677 experientia
644 2577 758 2650 edocti
778 2581 842 2648 sud
864 2559 1088 2678 inlelligunt‚

143 2680 255 2775 quim
269 2704 340 2748 non
351 2674 398 2750 ad
414 2675 605 2748 utilitatem
621 2676 725 2746 modo
742 2691 778 2746 et
795 2675 1087 2774 amplitudinem,

34 2849 36 2858 ¹
123 2773 208 2843 ¹sed
222 2773 267 2843 ad
279 2773 521 2847 necessitatem
536 2769 787 2874 paterfamilias
801 2801 821 2842 o
846 2772 1087 2862 esdesideret,

145 2884 188 2940 ut
212 2896 256 2940 ne
282 2869 320 2939 in
343 2867 440 2942 luctu
464 2865 500 2942 et
522 2871 716 2983 indigenti&
739 2797 964 2968 teneirisque
986 2867 1090 2941 liberi

147 2964 405 3038 contabescant.
426 2968 546 3058 Quam
571 2969 681 3067 igitur
708 2965 922 3078 deploranda
932 3017 947 3054 ,
968 2963 1091 3038 infelix

148 3064 363 3154 Demarate,
387 3089 460 3135 sors
481 3063 556 3136 haec
584 3062 671 3136 tua!
698 3091 761 3164 qur
789 3063 990 3163 praecisione
1011 3089 1089 3142 ma-

147 3187 260 3232 nuum
286 3187 356 3238 non
383 3161 550 3233 excideris
580 3162 684 3234 modd
708 3163 803 3232 certa
826 3187 886 3258 spe
914 3159 966 3229 rei
984 3157 1089 3230 fami-

146 3257 242 3330 liaris
268 3259 437 3358 augendae
457 3259 673 3356 plurimum,
698 3258 761 3328 scd
780 3258 826 3328 ad
843 3258 997 3354 inopiam
1016 3255 1091 3356 jam

146 3373 339 3428 extremam
350 3356 511 3446 redactus
522 3347 587 3427 sis!
599 3353 782 3428 Fuitheu!
796 3359 918 3426 cdmte
927 3354 985 3426 vix
994 3353 1088 3455 quis-

150 3479 258 3552 quam
268 3459 342 3526 tota
350 3453 487 3526 Graecid
500 3452 700 3524 Statuarius
711 3467 915 3564 exaequaret
926 3469 1014 3542 arte,
1029 3479 1090 3522 ne-

148 3577 205 3622 mo
218 3556 310 3624 certd
321 3567 515 3652 superaret,
527 3550 714 3622 simulacra
730 3567 843 3622 tuam
860 3549 972 3648 pretio
989 3565 1090 3620 erant

74 3723 81 3735 ,
149 3647 245 3744 apud
257 3677 395 3740 omnes,
408 3647 537 3740 sarnam
547 3647 680 3749 ubique
695 3647 877 3720 habebant
892 3663 928 3718 et
945 3673 1085 3718 nomen.

125 3745 237 3818 *Inde
257 3763 292 3818 te
312 3775 352 3818 ao
374 3765 453 3820 tuos
474 3748 577 3820 tacite
601 3745 732 3818 scilicet
756 3743 902 3838 alebas3
925 3743 1089 3819 ridebant
