2668 4414
310 193 517 276 uranu
565 175 842 250 rnrtr'us:
997 153 1048 270 89

224 329 389 402 ALIA
445 327 915 404 EXERCI'I'ATIO.

165 490 409 568 Christianos
426 492 588 573 Hamas,
590 495 770 597 profanis
790 493 982 570 Horridus

400 631 406 644 ·
443 633 447 639 =
470 609 700 693 praestum

447 753 507 814 Per
529 755 706 815 Antitbetn.
780 771 782 776 ’

392 897 414 958 S
436 897 466 958 Y
487 898 520 959 N
541 899 570 961 Ο
591 900 616 960 Ρ
637 901 658 962 8
680 901 696 960 l
717 899 753 962 S.

98 1071 228 1142 Exorai.
251 1085 286 1135 et
301 1017 563 1154 PropDrenr
587 1071 670 1134 nibil
689 1071 802 1134 babere
817 1069 1048 1134 heroicamfor·

99 1153 292 1251 titudinem,
322 1151 408 1235 quod
431 1175 500 1214 cum
534 1153 709 1216 Christiani
737 1155 852 1216 virtute
877 1155 1049 1235 comparari

124 1255 211 1296 ossrt.

100 1256 122 1317 P
147 1314 351 1398 Confirmatio
369 1329 490 1399 petetur
508 1339 547 1378 ex
567 1313 796 1398 comparatione
815 1337 917 1376 rerum
937 1319 955 1377 l
974 1338 1048 1398 pro·

100 1394 182 1457 fanis
204 1398 350 1457 heroibus
364 1412 516 1482 gestarum
529 1401 563 1458 in
577 1399 727 1458 adeundis
737 1397 904 1482 periculis,
927 1412 982 1457 aut
994 1399 1049 1458 de·

102 1478 260 1540 bellendis
270 1479 410 1540 hostibus
421 1501 431 1557 3
444 1501 512 1542 curn
522 1482 697 1541 constamil
703 1480 949 1542 Christianorum
959 1478 1050 1540 Mer·

102 1572 207 1700 'lxm
236 1563 271 1620 in
293 1560 429 1624 ferendis
461 1563 612 1643 patienter
637 1564 796 1624 tormentis
824 1563 1050 1644 vincendisque

130 1664 322 1726 ymnorum
340 1641 516 1722 furoribus3
536 1643 621 1726 quod
641 1643 816 1704 Antithetis
828 1640 1046 1704 illustrabitur.

156 1723 336 1798 concludet.
365 1725 531 1802 Dicendo,
552 1733 592 1786 n'e
622 1723 695 1788 illos
719 1725 844 1808 quidem
866 1723 959 1786 fortes
983 1744 1050 1785 esse

100 1805 326 1888 appellandos,
350 1810 408 1890 qui
433 1831 465 1869 se
489 1807 711 1891 cupiditatibus
735 1809 821 1868 vinci
843 1827 880 1866 ec
910 1809 1050 1891 superari

3 1885 5 1890 ’
99 1891 184 1967 passi
206 1887 334 1948 fuerint.

431 2003 717 2053 ORATIO·

149 2142 229 2226 Etsi
241 2141 512 2242 multalegimus
529 2141 574 2213 ab
590 2139 770 2214 Heroibus
786 2141 940 2243 profanis
953 2142 1050 2222 edita
1098 2133 1103 2142 ’

101 2237 319 2312 fortimdinis
331 2238 513 2339 exempla,
525 2265 606 2340 quae
617 2241 908 2340 consequentium
921 2239 1050 2319 deinde

100 2355 251 2409 aetatum
264 2337 407 2410 laudem
419 2354 526 2438 atque
537 2335 806 2408 admirationem
819 2351 1027 2408 meruerunt
1034 2363 1047 2426 3
1119 2355 1122 2362 '

100 2433 176 2507 baec
189 2452 330 2527 tomen,
349 2452 637 2549 quantacumque
654 2449 758 2524 sunt,
777 2450 840 2506 aut
853 2433 1027 2506 aestimare
1032 2484 1049 2520 ,

101 2549 165 2604 aut
189 2533 299 2606 etiam
316 2534 437 2606 mrrari
455 2531 619 2623 desinet,
638 2531 798 2633 quisquis
813 2529 876 2604 illa
897 2531 1049 2604 voluerit

100 2657 182 2702 cum
208 2631 340 2705 invicti
363 2629 648 2703 Christianorum
667 2629 828 2704 Heroum
852 2631 1047 2704 constantia

8 2789 12 2796 .
100 2755 317 2827 ¹comparare.

149 2828 328 2900 Prodeant
340 2827 520 2900 enimverb
532 2843 706 2929 quotquot
723 2827 809 2900 olim
825 2826 934 2899 animi
943 2853 1044 2928 mag-

101 2924 265 2998 uitudine
288 2925 491 3025 conspicui,
532 2930 596 3006 ‚aut
626 2925 801 3027 praeclaris
831 2924 1056 3008 facinoribus¹

103 3021 259 3094 illustres
272 3025 438 3102 exstitere
448 3077 459 3115 ‚
469 3051 552 3110 suas
575 3051 621 3096 ue
638 3023 799 3098 victorias
815 3046 897 3095 cum
907 3023 1046 3118 Marty-

101 3145 182 3192 rum
204 3126 405 3202 nostrorum
424 3051 611 3223 triumpiris
632 3117 906 3194 conferantrllli
927 3115 1044 3190 dubiis

101 3217 327 3318 incertisque
332 3219 497 3324 periculis
513 3273 524 3311 ‚
539 3221 599 3305 isti
616 3219 719 3292 certis
732 3215 934 3384 apertispue
950 3215 1045 3287 dolo·

100 3314 199 3388 ribus
217 3333 324 3416 caput
339 3317 572 3390 devovebant.
590 3315 648 3388 Illi
663 3315 781 3386 hostes
793 3313 860 3415 qui'
881 3341 938 3386 em
953 3312 1044 3386 fero-

101 3411 256 3498 cissimos
272 3466 283 3506 ,
299 3415 361 3488 sed
375 3412 457 3488 freti
472 3415 645 3500 sociomm
660 3409 798 3484 auxiliis
813 3463 824 3504 ,
844 3411 1043 3484 sedmuniti

100 3513 208 3588 armis
234 3511 550 3616 aggrediebantur,
574 3512 638 3584 Isti
668 3509 731 3584 soli
755 3527 875 3610 atque
890 3507 1042 3582 inermes

101 3607 135 3677 T
159 3611 280 3682 raonis
294 3605 778 3684 crudelissimisdilaniaudos
791 3635 828 3682 se
845 3636 881 3680 se
895 3607 1042 3706 permit,-
1057 3685 1059 3692 ,

95 3637 1041 3810 ,tabant..llliconquiescebantidentidemllaboribus,
