2756 4414
398 113 403 138 ᾳ
508 59 512 100 Ι

368 184 893 263 ιιιηειουκυυεζ
1028 191 1101 288 459

160 313 252 386 ratio
272 313 493 413 suppeditat,
516 313 612 384 unda
630 310 721 385 ferre
746 311 919 411 judicium
941 313 979 382 in
1004 317 1105 384 tantd

160 437 275 486 causae
298 412 453 484 novitate
479 426 586 512 atque
606 411 792 504 insolentia
810 409 960 510 possitis.
981 409 1105 482 Nobili

162 509 341 582 Statuario
358 536 398 580 ac
410 527 551 582 strenuo
563 508 669 580 militi
681 535 807 582 manus
825 508 985 580 abscissae
1003 525 1103 600 sunt,

160 606 252 707 quid
269 606 417 680 durius?
442 607 560 680 Perito
580 609 723 680 Oratori
739 606 861 682 avulsa
883 606 1004 708 lingua
1029 623 1104 697 est,

161 703 252 804 quid
278 705 439 778 tristius?
469 705 597 778 Pistori
627 704 856 780 celeberrimo
896 705 989 776 eruti
1024 698 1107 775 su'nt

162 801 274 894 oculi,
293 803 382 904 quid
390 802 649 876 miserabilius?
671 802 897 878 Adolescenti
918 801 1107 876 laetissimae

162 901 414 999 expectationis
442 930 544 976 aures
569 919 762 1001 amputatae
796 899 1042 975 funestissimae
1068 900 1109 970 in
1183 949 1187 960 ·

162 1017 268 1070 omne
287 1016 427 1146 tempus
442 1001 649 1114 ignorantiae
664 998 779 1073 fatum
794 1001 1006 1102 important,
1021 997 1109 1098 quid

1 1130 2 1142 ¹
35 1174 39 1182 ,
162 1093 377 1171 luctuosius.
401 1099 500 1190 Quid
516 1116 593 1173 erat
617 1097 763 1211 singulis
779 1099 1014 1172 metuendum
1029 1121 1108 1166 ma-

189 1195 240 1286 'c,
265 1198 374 1297 quam
390 1198 485 1296 quod
501 1196 631 1298 singuli
645 1199 831 1297 patiuntur
842 1195 938 1286 ivel
953 1195 1032 1296 quis
1049 1218 1110 1264 cn·

153 1361 155 1374 ,
238 1291 331 1364 'tatis
346 1294 476 1394 gradus
491 1294 561 1380 illis
584 1297 745 1386 accedat,
765 1295 828 1397 qui
847 1319 1026 1376 summum
1050 1316 1110 1382 ⁰,st-

86 1475 89 1488 ἵ
162 1388 331 1463 lamitatis
361 1392 545 1466 cumulum
583 1392 836 1493 experiuntur?
865 1391 986 1465 Sentio
1012 1391 1110 1489 ipse,

164 1486 331 1578 ludices,
353 1488 476 1590 quales
499 1489 593 1564 inter
608 1491 788 1592 angustias
803 1493 940 1581 vers'er,
959 1487 1016 1560 cui
1032 1486 1112 1557 adi-

164 1600 223 1656 tus
249 1586 363 1660 omnis
388 1587 435 1660 ad
462 1583 646 1680 ferendam
667 1589 878 1664 sententiam
902 1585 1112 1661 interclusus

163 1681 346 1758 videam·
695 1701 704 1720 ⁴
920 1743 922 1752 .
1033 1717 1038 1727 ·

213 1779 353 1854 Tamen
374 1786 589 1884 expectatis,
611 1805 653 1860 ut
674 1787 823 1888 loquar,
846 1811 963 1885 neque
979 1807 1113 1853 munus
1160 1835 1162 1842 .

163 1875 277 1968 illud,
297 1907 368 1980 quo
383 1909 527 1981 perros
551 1901 588 1957 et
605 1885 701 1985 apud
720 1913 782 1957 vos
798 1884 902 1954 hodie
920 1877 1111 1981 defiingor,
1200 1864 1205 1889 ¹

163 1973 267 2048 silere
282 2004 341 2050 mc
356 1979 504 2091 patitur.
522 1983 637 2082 Ergo,
656 2009 702 2053 ne
718 1983 872 2058 luderes
919 2007 934 2051 s
954 1995 1115 2070 vestras,
1235 2053 1236 2058 ,

166 2089 229 2143 aut
240 2100 432 2149 commissa·
448 2078 636 2177 provincia)
662 2079 815 2152 defuisse
831 2007 975 2169 vidium
993 2103 1039 2147 ne
1052 2071 1113 2145 s‘u-

164 2195 289 2270 prema
309 2173 504 2248 Testatoris
522 2177 632 2275 ipsius
647 2180 809 2252 voluntas
818 2229 831 2271 ,
854 2204 964 2280 quam
976 2198 1115 2274 magnae

165 2269 233 2342 reli
258 2268 329 2340 'oni
345 2298 483 2370 semper
504 2273 720 2366 habuimus,
744 2301 842 2346 casca
867 2292 905 2346 et
918 2273 1020 2343 irrita
1042 2272 1088 2340 sit
1100 2297 1112 2360 3

166 2296 432 2468 aiossolycratis
454 2369 689 2442 hereditatem
710 2371 852 2470 Elpidio
874 2368 1024 2442 fratrum
1046 2363 1116 2436 mi-

167 2465 265 2538 nimo
283 2491 359 2538 esse
380 2495 423 2540 eo
446 2467 588 2540 nomine
605 2468 901 2570 adjudicandam,
924 2464 1019 2566 qubd
1044 2491 1118 2534 om-

167 2564 268 2636 nium
278 2561 540 2638 infelicissimus
556 2563 685 2638 debeat
697 2567 878 2654 aestimari.
891 2563 1037 2635 Habent
1052 2561 1118 2632 boc

57 2672 61 2694 ¹
168 2665 310 2736 Fratres
332 2665 450 2736 caeteri
469 2665 508 2736 in
528 2663 727 2736 calamitate
741 2668 805 2736 sud
826 2663 1024 2736 subsidium
1047 2687 1119 2731 non

168 2760 271 2852 leve,
289 2779 331 2833 ut
351 2791 387 2833 se
403 2779 721 2864 rerumgestarum
740 2762 851 2864 glorib
872 2759 1116 2848 consolentur,

171 2875 209 2930 et
225 2861 287 2947 ed,
308 2885 417 2961 quam
433 2858 500 2930 sibi
519 2860 614 2960 apud
634 2888 754 2932 omnes
771 2861 809 2929 in
823 2861 887 2929 sud
902 2857 1053 2967 quisque
1067 2854 1119 2924 l'a-

171 2955 303 3027 cultate
318 2974 547 3054 peperertmt,
566 2956 661 3029 lamb
679 2955 807 3028 doloris
824 2956 879 3027 sui
892 2952 1120 3026 acerbitatem

171 3051 348 3166 mitigent.
387 3052 703 3140 Obversabuntur,
717 3044 887 3154 perpetub
933 3050 1121 3122 Demarati

172 3151 281 3223 ocubs
297 3152 437 3252 egregia
453 3151 515 3222 illa
532 3153 616 3240 artis
633 3179 706 3226 suae
725 3165 971 3240 monumenta,
990 3147 1120 3248 quibus

131 3271 137 3281 “
173 3249 353 3322 civitatem
375 3265 531 3320 nostram
553 3245 747 3343 decorarit,
767 3266 824 3340 et,
850 3247 946 3348 quod
966 3245 1065 3316 dedit
1082 3245 1121 3316 in

173 3347 268 3434 bello
290 3345 506 3418 lbrtitudinis
531 3347 701 3420 eximiaes
748 3347 880 3437 nmen,
905 3344 1027 3416 audiet
1043 3371 1120 3414 om-

173 3445 276 3524 nium
299 3444 427 3545 linguis
460 3443 641 3516 celebrari.
678 3375 834 3516 ffriietur
866 3442 1121 3542 Logodaedalus

138 3540 149 3550 ’
175 3560 313 3616 navatae
329 3541 556 3614 laudabiliter
573 3559 647 3614 tam
669 3541 817 3641 publicis
839 3543 947 3642 qudm
963 3539 1118 3638 privato-
1199 3615 1201 3620 ,

178 3667 259 3712 rum
280 3639 468 3728 commodis
486 3667 598 3741 operm
616 3639 845 3730 conscientia,
864 3656 901 3712 et
917 3637 1122 3711 suavissimo

177 3753 232 3809 tot
247 3740 437 3846 amicorum
445 3791 458 3835 ,
474 3765 562 3841 quos
577 3739 661 3812 olirn
672 3737 811 3814 consilio
826 3737 918 3838 juvit
928 3785 944 3830 ‚-
957 3735 1122 3837 eloquon·
1212 3793 1215 3800 .
