2736 4414
96 221 1025 294 aexmwvwmmxxmvxwxmw

169 425 355 559 RH
368 373 428 600 Ε
456 389 617 554 TO
628 420 1033 558 RICAE
1029 487 1046 499 ·

181 685 450 810 niune
508 701 1033 856 Qunnrnst

225 955 866 1084 FABULAE

209 1214 335 1300 A
356 1215 399 1303 D
426 1167 489 1296 Μ
501 1211 542 1296 0
566 1215 625 1298 ’Ν
634 1216 772 1299 {CUI
794 1214 923 1306 O

91 1359 237 1523 Quor
262 1411 319 1486 htc
341 1443 405 1516 ego
434 1443 588 1516 propono
608 1415 763 1490 Fabulae
794 1441 865 1486 non
902 1363 1047 1487 habene

91 1522 237 1620 quidem
261 1521 425 1594 novitatis
444 1523 616 1622 gratiam,
639 1528 720 1596 cum
747 1523 943 1594 decantatae
961 1520 1036 1620 jam

91 1630 113 1696 d
138 1627 259 1699 multis
285 1633 365 1697 crim
386 1629 633 1720 solutrl,..tum·
655 1629 775 1700 strictd
802 1629 957 1699 oratione
976 1629 1034 1700 in-

89 1737 289 1809 veniantur.
307 1736 402 1828 Quia
419 1755 540 1808 tamen
552 1738 707 1838 pertinet
719 1741 765 1811 ed
784 1739 980 1808 Rhetorem
997 1737 1035 1810 in

88 1871 185 1918 omnr
174 1843 378 1917 scribendi
390 1873 517 1947 genere
536 1847 721 1949 diligenter
741 1877 816 1920 esse
824 1864 1032 1936 versatum,

88 1977 386 2048 supervacaneum
405 1981 481 2024 esse
503 1983 573 2027 non
599 1957 722 2057 putavi
750 1955 788 2028 in
810 1957 886 2028 istie
908 1981 1034 2026 narra-

87 2055 254 2132 tiunculis
265 2059 348 2128 dare
361 2061 536 2157 specimen
550 2063 693 2160 aliquod
703 2062 798 2132 illius
809 2066 910 2162 styli,
926 2090 1035 2164 quem

87 2164 158 2238 sibi
180 2161 325 2234 Fabulae
355 2163 543 2238 vindicant.
569 2165 704 2238 Mirum
729 2185 782 2239 est
807 2170 902 2240 enim
924 2195 1035 2266 quam

89 2269 267 2345 dissimilis
284 2299 359 2344 csse
377 2271 505 2343 debeat
525 2265 575 2344 ab
588 2302 650 2365 eo,
675 2302 739 2372 qur
727 2275 846 2346 vel
837 2302 875 2346 ιιι
889 2277 1034 2347 Oratio-

89 2381 217 2473 nibus,
235 2379 325 2452 vel
315 2407 354 2462 ιιι
374 2377 569 2480 Epistolis
559 2379 643 2503 rpsie
659 2379 915 2454 conscribendis
927 2381 1032 2454 edhi-

90 2487 208 2560 betur.
234 2485 331 2559 Nam
345 2487 480 2558 concisa
496 2487 656 2585 inprimis
678 2489 801 2559 Oratio
819 2488 865 2559 sit
878 2505 1032 2588 oportet,

90 2623 162 2667 non
181 2593 336 2693 implexa
356 2593 457 2694 longo
482 2593 670 2666 verborum
691 2611 754 2665 aut
779 2595 1034 2666 sententiarum

91 2705 261 2796 circuitu,
280 2703 428 2801 simplex
448 2731 488 2776 ac
504 2708 608 2804 poene
623 2705 814 2804 pedestris,
833 2731 904 2774 non
920 2705 1010 2776 elata
1019 2759 1031 2796 ,

93 2813 459 2912 autFiguris'ornata,
473 2841 660 2886 numerosa
673 2813 840 2912 quidem,
860 2839 930 2884 non
943 2841 1033 2883 com-

91 2921 254 3022 plexione
271 2917 508 2992 membrorum
522 2922 543 2988 d
559 2917 759 2990 seinvicem
778 2918 1008 3016 pendentium
1019 2919 1043 3010 ,'

92 3031 155 3102 sed
179 3029 249 3100 solo
270 3029 407 3128 delectu
428 3044 464 3100 et
483 3025 649 3100 concinna
673 3023 862 3101 verborum
886 3025 1032 3126 disposi-

92 3141 199 3213 tione.
235 3137 338 3210 Adde
368 3133 589 3238 frequentem
614 3132 778 3208 Iambum
799 3131 838 3204 in
868 3133 1032 3206 clausulis

92 3263 323 3340 commatum,
338 3273 417 3346 quae
436 3273 499 3318 nec
510 3241 791 3344 magnitudinem
808 3241 937 3312 senarii
950 3269 1030 3315 ver-

93 3387 152 3432 suo
170 3358 359 3448 excedant,
378 3355 505 3428 neceb
522 3355 682 3454 ejusdem
696 3351 924 3425 similitudine
936 3351 1033 3422 mul-

93 3471 171 3538 tum
193 3465 402 3564 discrepent.
958 3511 963 3530 .

144 3574 237 3644 Nam
259 3577 339 3643 cum
354 3569 458 3671 plena
474 3587 527 3644 est
547 3569 775 3641 Fabellarum
791 3569 929 3640 dictio'
919 3587 1032 3642 mter-

93 3681 349 3772 locutionibus,
376 3687 518 3782 propter
541 3681 749 3754 varietatem
779 3705 1028 3850 personarum,

193 3780 232 3851 T
227 3783 353 3851 om
819 3803 844 3875 p
