2756 4414
278 161 355 274 Ἀῶ
547 203 960 255 aaarosrcn

255 305 330 376 'tid
355 304 465 376 tuitus
496 320 571 396 est,
604 305 809 376 commercio
836 303 1063 377 recreabitur.
1093 303 1224 404 Neque

278 427 384 496 suum
393 397 507 473 deerit
516 401 802 475 ZeuxidiPietori
810 401 1035 474 celeberrimo
1043 402 1221 500 solatium,

277 497 342 598 qui
369 495 641 596 perfectissimas
677 527 800 572 rerum
835 501 1021 591 omnium,
1049 501 1222 600 imagines

275 596 396 668 animo
409 597 630 696 complexus,
649 599 865 700 easdemque
876 597 1048 670 coloribus
1068 625 1108 668 ac
1118 598 1223 696 peni-

275 692 354 764 cillo
370 693 529 766 imitatus
540 711 615 767 tam
633 696 800 787 scienter,
819 721 856 768 se
874 723 911 766 se
927 695 1128 767 dulcissimi
1144 694 1223 766 illa-

274 814 356 862 rum
375 793 612 866 recordatione
636 810 756 893 pascet
772 810 810 866 et
834 793 997 866 caecitatis
1021 819 1095 866 suae
1120 810 1223 866 tane·

274 885 357 958 bras
374 889 547 990 quomodo
564 891 642 962 miti
666 891 754 962 abit.
1071 900 1073 908 '

322 988 375 1057 At
394 987 481 1088 quid
497 919 670 1086 ejusmoci
691 987 805 1060 simile
821 1007 943 1062 manet
960 989 1137 1063 infelicem
1155 989 1220 1061 El-

161 1099 165 1108 '
272 1081 432 1250 Eidium,
455 1085 518 1186 qui
538 1087 577 1158 in
595 1085 671 1186 ipso
691 1087 934 1160 adolescentiae
954 1087 1077 1159 limine
1099 1113 1224 1158 exsur-

298 1197 397 1273 atus,
422 1209 486 1254 nec
500 1183 576 1256 ulla
592 1184 708 1286 potuit
724 1184 864 1284 assequi
880 1209 953 1256 suae
972 1185 1132 1258 orbitatis
1149 1185 1220 1255 ad-

269 1276 455 1444 iumenm'
477 1280 670 1354 nechabet
694 1283 733 1353 in
749 1309 852 1354 omne
874 1297 1040 1379 tempus,
1066 1281 1135 1352 sibi
1159 1309 1222 1354 re-

287 1374 373 1448 'ctus
391 1378 474 1470 uni,
493 1379 590 1452 unde
606 1379 841 1451 conditionem
859 1378 1120 1451 acerbissimam
1143 1405 1221 1452 sus-

269 1486 402 1566 tentet,
414 1487 477 1548 aut
487 1476 703 1550 consoletur?
721 1480 844 1570 Quare
850 1477 992 1577 Elpidio
1008 1477 1217 1570 exsurdato,

269 1571 434 1645 omnibus
463 1571 614 1648 fortuna
645 1575 828 1677 animique
848 1575 948 1648 bonis
970 1576 1136 1648 destituto
1178 1601 1219 1644 a·

268 1683 371 1740 terna
409 1669 588 1744 hereditas
621 1672 853 1772 adjudicator.
889 1673 1026 1746 Verum
1058 1701 1103 1745 ne
1136 1601 1218 1747 (diis

224 1782 228 1803 ¹
267 1765 413 1862 posthac
434 1769 599 1842 omnibus
616 1771 662 1842 ad
677 1789 835 1870 paternas
850 1770 1087 1844 observantiae
1096 1769 1218 1844 defen-

265 1859 445 1966 sionisque
465 1865 610 1940 laudem
630 1868 722 1940 desit
736 1867 1009 1940 'incitamentum
1019 1897 1031 1958 ς
1056 1895 1102 1938 ne
1122 1863 1218 1939 Resss
1251 1925 1254 1933 .

265 1953 409 2125 {ablica
428 1961 564 2035 civibus
593 1965 733 2062 optimis
757 1981 794 2033 et
822 1965 865 2034 de
892 1991 928 2033 se
956 1965 1048 2036 bene
1079 1965 1219 2037 meritis

291 2054 417 2128 afuisse
434 2058 621 2150 videatur3
639 2088 686 2131 ne
702 2076 845 2133 careant
853 2059 907 2131 illi
916 2059 1125 2133 salernitatis
1140 2089 1218 2135 suae

262 2151 401 2246 solatio,
410 2170 447 2226 et
459 2153 688 2249 fortitudinis,
707 2173 817 2256 atque
835 2157 1020 2232 industria
1037 2186 1109 2232 suae
1127 2185 1215 2258 pra-

264 2250 338 2321 mio
360 2248 639 2346 defraudentur,
670 2255 896 2352 tantumdem
925 2255 1072 2357 singulis
1099 2257 1214 2330 tribus

264 2345 450 2422 Fratribus
465 2348 511 2421 ab
521 2351 717 2452 Republica
725 2369 874 2454 parente
884 2353 1017 2454 optimd
1029 2356 1073 2426 de
1090 2357 1217 2427 aerario

262 2443 444 2520 sufficitor.
468 2449 625 2542 Omnes,
654 2451 772 2552 quoad
796 2453 940 2542 virent,
970 2453 1008 2524 in
1035 2451 1213 2552 Prytaneo
1321 2495 1324 2503 ·

261 2543 415 2616 aluntor.
439 2547 575 2620 Mortui
603 2549 648 2620 de
678 2547 820 2647 publico
842 2546 1033 2619 efferrmtor
1051 2550 1209 2620 condun-

261 2655 387 2738 torque
403 2639 654 2738 perhonorifice
671 2645 849 2716 communi
864 2643 1046 2742 sepulchro
1064 2674 1073 2716 r
1093 2645 1150 2718 eui
1163 2649 1211 2719 ad

347 2859 390 2904 us
414 2833 584 2906 Manibus
612 2835 753 2936 piorum
780 2838 973 2938 Polycratis
998 2839 1212 2922 Liberorum

262 2929 415 3004 Senatus
435 2931 670 3044 Populusque
678 2934 908 3012 Atheniensis
930 2939 1091 3039 posuere.
1140 2969 1146 2982 ·

143 2799 147 2806 e
260 2751 470 2902 ριἚεωωη
485 2735 537 2808 rei
553 2740 769 2811 memoriam
777 2739 1014 2812 inscribatur:
