2710 4418
291 195 364 270 238
554 209 966 264 aaaroarcat

290 313 457 404 fraudet,
486 311 667 409 decipiat,
699 310 843 410 expilet.
871 315 1045 386 Revocate
1069 337 1113 384 ex
1134 307 1230 386 omni
1316 396 1321 406 ¹

294 428 493 512 temporum
526 410 615 480 serie
626 461 641 494 ,
672 407 789 480 divitis
818 407 965 506 alicujus
997 411 1229 502 memoriam,

293 510 357 611 qui
380 510 419 580 in
441 511 579 578 summa
607 533 727 577 rerum
753 506 921 595 illarum,
946 533 1032 606 quas
1059 506 1118 578 isti
1142 508 1233 579 bona
1316 559 1319 568 ,

294 607 491 708 appellant,
511 603 745 717 possessione,
778 603 996 676 laudabilem
1018 620 1139 675 tenere
1168 633 1234 704 po-

294 704 404 790 tuerit
433 701 696 775 conunentism.
733 700 897 773 Croesum
929 701 1060 772 scilicet
1088 702 1236 774 divitem

295 801 538 900 nuncupabis,
588 799 625 870 ui
642 825 750 898 regno
770 798 1041 897 locupletissimo
1060 819 1131 870 non
1151 827 1235 870 con-

295 915 415 972 tentus
447 827 640 970 insatisiisili
668 895 823 969 habendi
849 895 952 1007 plura
980 896 1171 993 cupiditate
1197 897 1236 966 in

296 1014 493 1068 extremum
513 995 676 1095 egestatis
689 1021 728 1064 ac
741 993 949 1064 calamrtatis
963 993 1152 1070 discrimen
1170 993 1235 1064 de·

296 1097 406 1167 venit.
432 1091 632 1164 Ventitabis
661 1090 751 1162 mihi
780 1089 919 1162 Midam
942 1106 1114 1189 tanquam
1138 1089 1235 1166 locu·

296 1191 567 1290 plerissimorum
587 1188 809 1268 hominum&
826 1213 993 1279 numero,
1016 1214 1122 1287 quem
1138 1187 1235 1258 insa-

297 1288 424 1362 nabilis
435 1287 513 1358 auri
524 1286 729 1386 argentique
743 1311 841 1354 amor
850 1292 892 1356 eo
906 1285 1050 1356 demum
1063 1285 1233 1376 adduxit,

298 1403 340 1458 ut
364 1385 498 1456 medias
522 1385 614 1455 inter
642 1409 724 1480 opes
747 1381 881 1452 crudeli
903 1378 997 1454 fame
1020 1409 1059 1452 ac
1085 1381 1142 1452 siti
1161 1399 1238 1453 tan·

300 1490 448 1556 tumnon
466 1479 651 1552 interireti
675 1480 842 1552 Crassum
858 1485 942 1552 vero
963 1479 1056 1550 inter
1079 1478 1238 1552 homines

300 1581 487 1652 ditissimos
499 1578 655 1650 censebis
665 1576 915 1674 reputandum,
929 1577 999 1668 cui,
1013 1581 1093 1648 cum
1103 1576 1239 1674 privato

299 1673 435 1749 homini
447 1693 554 1748 tantoe
565 1675 793 1774 possessiones
803 1689 1042 1772 suppeterent,
1054 1691 1095 1746 ut
1103 1675 1239 1774 integro

301 1775 469 1846 exercitui
489 1774 561 1844 suis
577 1773 743 1872 impensis
762 1773 888 1844 aiendo
904 1799 970 1872 par
993 1789 1108 1862 esset,
1132 1799 1238 1844 novos

300 1888 422 1944 tamen
440 1872 479 1942 in
502 1871 654 1983 singulos
676 1871 749 1941 dies
771 1869 952 1942 thesauros
972 1869 1185 1970 aggerebati

352 1970 509 2061 Quinam
523 1968 632 2067 igitur
644 1968 770 2041 divites
788 1968 926 2038 dicendi
938 1984 1042 2057 sunt,
1064 1969 1093 2038 si
1110 1967 1239 2038 divites

302 2065 444 2138 illinon
469 2063 600 2148 debent
624 2065 815 2164 appellari?
843 2065 907 2138 Iflo
930 2065 990 2138 itte
1018 2065 1114 2138 dives
1136 2079 1239 2154 crat,

303 2164 365 2265 qui
379 2163 512 2234 oblatas
531 2163 576 2234 ab
595 2164 799 2236 Alexandro
828 2163 989 2276 ingentes
1012 2163 1178 2261 pecunias
1202 2161 1242 2236 in

303 2263 432 2360 magnit
441 2288 561 2332 rerum
573 2261 768 2360 indigentia
780 2263 827 2332 sic
839 2261 962 2358 rejecit
969 2313 980 2350 ,
995 2278 1036 2334 ut
1047 2261 1122 2360 ipso
1135 2261 1242 2332 etiam

303 2359 459 2460 principe
476 2358 611 2430 beatior
633 2387 672 2430 ac
693 2357 902 2432 fortunatior
917 2359 1030 2433 rideri
1051 2374 1177 2457 posset.

353 2459 425 2530 Vos
442 2483 547 2555 crgo,
566 2473 738 2558 quotquot
754 2475 878 2530 tenues
896 2474 931 2530 et
952 2457 1058 2528 exiles
1082 2453 1240 2526 i'orttmas

304 2555 399 2626 nacti
423 2555 528 2642 estis,
552 2561 726 2654 quantum
747 2555 805 2627 vol
824 2556 861 2626 in
878 2557 992 2626 vostra
1008 2553 1069 2623 illa
1085 2569 1240 2651 egestate

306 2669 413 2762 atque
437 2652 494 2722 ino
518 2651 553 2721 i&
582 2653 627 2723 ad
650 2680 750 2724 veras
771 2643 971 2749 solidasque¹
991 2649 1130 2720 divitias
1154 2676 1242 2747 prae·

306 2749 435 2819 sidrum
456 2678 616 2841 bairais,
635 2751 763 2849 quibus
786 2765 860 2820 tam
882 2744 981 2818 facilc
998 2745 1099 2817 liceat
1111 2797 1122 2835 ,
1146 2747 1242 2846 quod

306 2863 360 2918 cst
374 2845 577 2921 divitiarum
588 2847 768 2947 proprium
779 2897 792 2937 ,
812 2845 936 2918 vestris
950 2843 1055 2916 rebus
1072 2870 1242 2937 esseflcon-

306 2959 431 3015 tentos.

551 3078 887 3128 narremus
923 3055 1003 3126 IV.

337 3233 345 3251 ⁴
395 3243 463 3315 De
481 3238 720 3342 Negantibus
742 3269 811 3314 seu
828 3239 1152 3354 Repugnantihus.

352 3427 603 3530 Negantiaseu
612 3432 934 3531 Repugnantiaseu
943 3427 1242 3518 Contradicentia‚
1332 3455 1333 3458 ¹

311 3544 620 3628 suntea‚quorum
629 3524 1243 3627 unumnegataliudsutestsapiens‚

309 3653 356 3698 no
378 3626 486 3726 igitur
509 3625 601 3696 dicas
622 3624 843 3721 insipientem
867 3624 924 3696 vel
947 3653 1018 3696 non
1036 3623 1242 3724 sapientems

360 3725 448 3794 Erui
469 3737 584 3822 potest
606 3739 854 3821 argumentum
870 3749 914 3798 ex
927 3721 993 3794 hoc
1013 3721 1088 3796 loco
1109 3720 1246 3798 duobus
