2760 4416
336 233 406 324 5η
605 241 1018 306 suaromton

333 353 451 426 omnia
466 353 637 452 exquisito
650 350 854 426 facetiarum
865 354 995 455 lepore.
1003 355 1043 425 In
1053 353 1120 425 illis
1133 352 1275 425 colossis

332 451 449 522 delicit
459 451 596 522 animus
606 452 759 552 longiore
769 468 939 552 tanquam
949 453 1073 524 itinere
1082 447 1245 522 fatiscens
1257 477 1272 542 ς

332 547 372 619 in
385 549 483 619 nobis
496 548 592 620 nullo
605 551 743 662 negotio
755 553 776 621 d
788 549 899 649 capite
910 551 956 621 ad
967 549 1076 620 calces
1088 564 1270 648 permeat,

334 643 571 748 diffunditque
588 647 728 746 spiratus
746 648 801 718 sui
818 648 988 738 vicarios,
1016 648 1077 748 qui
1096 667 1274 746 nusquam

333 743 454 814 sinunt
470 745 676 836 materiam,
699 745 729 815 si
746 743 870 846 quain
881 745 980 817 nobis
996 761 1066 836 est,
1084 745 1183 844 pigro
1199 744 1273 815 situ

332 856 539 939 torpescere.
565 842 700 913 Parcite
724 871 808 934 vos,
835 869 942 942 penes
964 868 1056 944 quos
1074 842 1273 912 educantur

330 940 459 1037 pueri,
477 940 608 1038 parcite
625 939 777 1011 motibus
795 941 932 1034 insitis,
981 941 1020 1011 ui
1036 935 1127 1010 fords
1144 965 1269 1010 erum-

297 1067 304 1090 κ
330 1051 421 1201 qunt
427 1064 438 1127 3
457 1065 527 1107 non
539 1064 575 1106 se
591 1037 705 1109 teneri
716 1038 911 1138 patiuntur.
931 967 1014 1108 lion
1025 1064 1086 1109 vos
1102 1036 1273 1137 equidem

357 1131 481 1204 ixerirn
506 1134 664 1206 inimicos
689 1135 934 1234 ingeniorum,
966 1161 1118 1235 quorum
1139 1149 1271 1204 natura

330 1246 465 1301 constat
481 1259 526 1302 ex
542 1248 640 1304 motu
651 1261 662 1324 3
674 1233 736 1304 sed
748 1233 879 1332 parcite
894 1232 1064 1304 mulctare
1078 1233 1267 1320 naturam,
1370 1285 1372 1292 .

330 1327 388 1396 cui
421 1355 482 1400 vos
506 1328 573 1428 ipsi
600 1345 741 1401 tantum
763 1330 923 1422 debetis3
947 1327 1178 1401 memineritis
1206 1353 1269 1399 vos

330 1423 423 1522 ipsos
432 1478 443 1516 ,
463 1427 492 1496 si
511 1427 598 1526 quid
612 1430 632 1497 d
644 1427 742 1500 vobis
759 1427 842 1500 olim
860 1430 978 1528 pueris
992 1442 1174 1528 peccatum
1189 1439 1245 1496 est
1254 1473 1269 1515 ,

331 1522 437 1593 simili
452 1541 552 1595 motu
614 1525 776 1597 ccavisse.

374 1619 523 1692 Natura
546 1551 681 1722 ulique
707 1626 761 1694 sul
787 1623 933 1715 similis,
963 1621 1131 1714 Judices,
1164 1635 1205 1691 ut
1231 1619 1271 1689 in

329 1715 559 1810 hominibus,
588 1721 640 1790 sic
662 1721 701 1791 in
721 1721 847 1792 belluis
873 1747 1034 1823 quoque,
1077 1743 1169 1791 arvae
1184 1715 1271 1788 moli

326 1809 472 1905 favens,
493 1816 628 1914 majora
645 1818 814 1888 miracula
826 1819 957 1919 gaudet
973 1747 1152 1889 exhilere.
1169 1813 1272 1906 Quid

328 1909 443 1982 dicam
456 1913 499 1984 de
517 1913 706 2006 Formicis,
735 1914 779 1985 de
796 1917 974 2013 Apiculis,
1024 1939 1151 1983 uarum
1168 1910 1272 1982 labor

324 2009 550 2080 ‘adrnirationi
568 2027 620 2080 est
632 2011 818 2079 omnibus?
836 2011 922 2108 quid
941 2011 985 2082 de
1000 1943 1140 2098 dimin,
1156 2035 1269 2118 quos,

327 2104 543 2196 sisolertiam
562 2106 775 2195 attenderis,
798 2106 915 2178 minus
933 2107 1062 2177 distare
1075 2105 1204 2176 dixens
1221 2104 1270 2174 ab

326 2199 491 2294 homine,
535 2206 620 2272 uam
633 2202 817 2292 nonnulli,
838 2204 901 2303 qui
911 2203 1105 2275 humanam
1118 2201 1269 2299 speciem
1289 2227 1293 2232 ·

301 2386 303 2390 .
323 2315 476 2398 gerunt,
495 2229 540 2370 alt
550 2297 751 2371 hominibus
763 2299 847 2397 ipsis
857 2301 1067 2413 discrepant.
1085 2301 1107 2372 J
1109 2325 1165 2370 am
1175 2301 1270 2368 inter

328 2396 508 2488 volucres,
526 2395 751 2489 Philomelae,
770 2397 912 2468 Psittaci
927 2399 1013 2499 quid
1025 2423 1095 2468 non
1110 2393 1268 2467 habenti

328 2492 400 2565 illae
418 2495 464 2566 ad
480 2497 664 2566 concentds
682 2493 892 2569 suavitatem
905 2495 1192 2594 voluptatemque
1207 2519 1270 2563 au-

327 2591 444 2678 rium,
463 2589 501 2658 hi
519 2591 564 2660 ad
575 2591 762 2662 imitandas
775 2591 957 2664 hominum
969 2617 1090 2679 voces,
1107 2591 1269 2688 garrien-

323 2684 485 2780 dumque
501 2709 543 2752 eo
558 2686 682 2780 modo,
703 2715 772 2785 quo
785 2690 907 2759 multae
924 2687 1089 2758 mulieres
1105 2713 1174 2756 non
1188 2714 1267 2758 me·

241 2797 247 2820 ⁶
326 2779 394 2850 litls
405 2779 420 2849 l
432 2780 588 2870 Adeste,
609 2782 670 2881 qui
687 2785 834 2882 stupetis
847 2783 1153 2882 magnitudinem,
1173 2801 1209 2854 et
1226 2811 1269 2855 eo

322 2877 468 2950 nomine
485 2877 623 2950 Pusillis
644 2878 845 2971 insultatis,
873 2880 981 2950 boum
1003 2881 1111 2952 etiam
1127 2883 1265 2980 magni·

325 2975 488 3046 tudinem
495 2976 701 3074 praedicate3
713 2993 749 3047 et
762 3027 774 3068 ,
788 2978 817 3048 si
830 2978 972 3077 Superis
981 2979 1096 3078 placet
1109 3031 1120 3070 ,
1139 2977 1268 3078 jactate

326 3069 501 3144 famosum
511 3073 674 3144 auriculis
683 3075 845 3147 Arcadiae
854 3099 973 3176 pecus.
990 3077 1118 3148 Dicam
1127 3076 1265 3175 paucis,

327 3187 364 3241 et
378 3171 528 3261 dicenti,
548 3171 671 3262 credo,
694 3174 951 3263 assentientur,
975 3189 1146 3284 quotquot
1162 3191 1268 3244 erunt

323 3260 461 3338 ‘cordati
476 3269 571 3353 ‚visis
588 3265 736 3347 ellerant
757 3269 1038 3371 magnitudinem
1059 3297 1184 3361 suam,
1228 3297 1268 3342 er

328 3391 386 3436 me
403 3364 508 3456 licet,
534 3367 702 3466 Gigantes
720 3369 915 3468 spectaculo
933 3370 1008 3440 nati
1023 3397 1033 3460 3
1057 3367 1184 3469 quibus
1201 3297 1268 3439 loc

327 3489 440 3533 unum
459 3465 625 3534 concessit
643 3482 795 3557 natura,
819 3483 861 3538 ut
882 3467 1043 3538 insolenti
1059 3465 1268 3565 proceritate

320 3575 473 3631 'teneant
498 3561 704 3658 populorum
731 3563 1018 3654 multitudinem,
1043 3562 1267 3634 mulierculas
1363 3575 1365 3588 '

330 3674 367 3726 et
392 3682 516 3754 pueros
534 3659 716 3730 terreant?
740 3687 802 3732 nos
819 3661 959 3761 ingenio
976 3660 1130 3732 contenti
1146 3687 1265 3760 asper-

319 3753 493 3828 nabimur
509 3755 677 3838 clamores
694 3784 815 3832 eorum
822 3811 842 3848 ,
861 3759 924 3859 qui
938 3775 1086 3859 pergent
1102 3758 1268 3857 deinceps
