2710 4418
295 199 365 258 200
486 197 898 248 RHETORMAE

295 323 514 398 quaecunque
546 296 784 370 interveniunt
820 315 895 370 tam
924 302 1015 398 saepd
1047 286 1239 400 implendas

294 393 360 466 le’
412 393 462 467 im
489 393 692 487 edimenta3
730 396 801 466 imo
829 398 860 466 si
912 397 1027 467 enims
1060 399 1238 472 semitae

294 422 409 583 viiii,
427 421 487 563 vei
507 493 597 564 edm
608 520 687 564 suas
709 492 871 566 omnibus
885 425 980 595 ieges
997 494 1145 586 diceret,
1165 525 1238 569 non

293 615 395 701 posse
417 589 495 660 illas
516 589 696 691 quibusvis
720 591 873 662 locorum
895 619 935 662 ac
957 609 1155 691 temporum
1171 594 1239 666 ad-

294 686 422 786 junctis
463 687 510 758 nb
547 687 708 758 omnibus
738 689 939 782 observari,
969 717 1014 760 an
1051 688 1140 763 foret
1174 691 1239 764 ille

294 781 440 855 arbitrio
468 801 528 854 tuo
559 783 797 884 justissimus,
852 787 890 858 ui
913 787 1050 858 insolita
1081 789 1238 889 quddam

294 898 494 981 praeventus
526 883 720 954 severitatis
756 814 885 973 laude,
919 883 1056 956 nullam
1099 886 1241 983 admitti

294 979 403 1050 vellet
443 979 582 1052 sancitae
633 981 720 1079 legis
766 980 1122 1081 interpretationem,
1175 983 1239 1056 aed

239 1125 242 1160 ,
294 1075 489 1178 quamlibet
505 1077 640 1150 omissae
662 1077 748 1178 legis
772 1075 942 1152 offensam
957 1079 1084 1176 ¹eodem
1105 1081 1241 1179 pariter

294 1175 397 1246 modo
418 1174 659 1247 mulctandam
683 1175 878 1272 judicaret?

346 1273 586 1364 Quamobrem
599 1273 694 1364 vide,
710 1272 853 1363 amabo,
868 1274 947 1345 Rex
963 1274 1237 1386 saniantissime,

130 1398 281 1464 trypotnun.
295 1369 462 1472 idemque
499 1370 746 1442 studiosissime
781 1371 893 1443 cultor
930 1373 1130 1484 aequitatis,
1190 1376 1240 1444 ua

296 1471 443 1542 demum
462 1468 520 1540 vel
548 1495 584 1538 sa
610 1468 727 1540 ientiae
745 1468 800 1538 vel
818 1469 995 1570 aequitatis
1019 1469 1124 1541 laude
1148 1400 1243 1568 piac-

297 1567 446 1638 tendum
482 1497 672 1638 tonatim
714 1581 816 1636 tuum
852 1593 1018 1658 censeas,
1050 1568 1095 1638 ad
1131 1593 1241 1667 quem

297 1661 396 1736 nulla
414 1690 493 1762 pars
510 1663 692 1763 imperatae
710 1662 795 1763 legis
809 1663 1000 1761 pertinuit}
1018 1665 1143 1738 Tu-ne
1156 1691 1241 1735 eum

295 1760 411 1832 teneri
440 1761 517 1861 lege
547 1766 610 1833 tud
633 1760 745 1852 velis,
774 1761 847 1851 cui,
879 1761 993 1862 legem
1025 1765 1106 1834 dte
1129 1762 1241 1833 latam

184 1927 188 1934 .
296 1856 403 1931 fuisse
428 1862 509 1930 edm
527 1859 729 1959 ignoraret,
746 1859 843 1930 nulla
860 1859 953 1930 illius
975 1859 1161 1958 implendae
1183 1856 1240 1929 fa-

190 1991 193 2000 ·
294 1955 408 2028 cultas
424 1958 646 2056 suppetebat.
662 1957 767 2028 Tune
792 1957 959 2028 violatam
984 1955 1029 2026 ab
1055 1985 1096 2028 eo
1124 1956 1242 2068 legem

294 2053 553 2154 reprehendas,
568 2053 806 2154 eumdemque
825 2072 927 2153 putes
953 2070 1064 2126 morte
1091 2079 1242 2154 pumen-

296 2149 403 2243 dum,
429 2152 491 2253 qui
513 2151 650 2252 legem,
680 2152 787 2223 etiam
810 2157 891 2224 edm
912 2150 1099 2241 voluisset,
1121 2149 1241 2222 obser-

296 2275 381 2318 vare
401 2277 473 2320 non
486 2248 646 2349 poterat?
665 2248 872 2320 Memineris
891 2249 1007 2348 potius
1029 2249 1137 2320 solitae
1155 2275 1240 2346 pru·

297 2345 429 2417 dentiae
456 2363 528 2416 tuae
548 2363 656 2446 atque
678 2345 880 2445 aequitatis5
906 2363 968 2433 et,
995 2374 1102 2446 quam
1123 2346 1161 2417 in
1180 2371 1242 2415 ne·
1342 2351 1350 2370 ¹

114 2519 118 2526 ,
298 2443 432 2515 minem
452 2443 496 2514 de
507 2441 646 2612 1flopulo
663 2443 887 2516 severitatem
906 2442 1074 2514 adhibere
1093 2441 1242 2512 sustine-

144 2619 154 2642 ι
272 2566 376 2707 ¹ries,
402 2567 486 2612 cave
547 2541 622 2615 'um
650 2541 689 2614 in
709 2557 813 2614 tuum
840 2557 941 2640 putes
971 2565 1046 2612 esse
1071 2561 1238 2612 exercen-

326 2663 398 2709 am.

299 2817 1226 2851 mmmmmmmmmwmm

503 2994 508 3004 ·
571 2967 852 3053 CAPUT
911 2968 966 3054 V.

595 3142 720 3217 Locus
743 3145 770 3214 ὰ
790 3139 927 3216 Sinniu.

300 3263 597 3386 Srnrnrruno
619 3331 673 3388 est
692 3317 844 3388 duarum
860 3313 918 3387 vel
927 3312 1082 3413 plurium
1099 3335 1235 3400 rernm,
1346 3347 1347 3358 κ

300 3414 339 3486 in
359 3413 480 3514 aliqud
494 3413 629 3486 ratione
652 3414 916 3503 convenientia3
940 3440 975 3483 v.
995 3437 1030 3508 g.
1052 3406 1183 3478 Consul
1203 3423 1239 3478 et

301 3510 528 3584 Gubernator
542 3511 642 3580 navis
665 3528 749 3582 sunt
765 3512 855 3598 duo,
877 3533 957 3608 quae
973 3504 1161 3576 iuratione
1179 3531 1240 3608 gu·

302 3607 475 3680 bernandi
490 3604 715 3679 conveniunt.
734 3607 788 3678 Ut
810 3605 906 3678 enim
933 3603 990 3682 hic
1022 3603 1169 3695 navim,
1192 3603 1239 3674 sic

190 3744 202 3752 -
302 3704 362 3776 ille
382 3706 511 3806 Remp.
538 3703 641 3804 regit.
