2710 4418
295 193 364 272 156
530 195 965 270 ‘uunrotrrcts

341 317 463 378 Deinde
480 319 563 400 ipsos
584 317 816 400 deprecabitur,
829 339 870 380 na
884 321 985 400 perire
1003 317 1024 379 J
1026 317 1173 400 oseplrum
1197 321 1244 379 iro¹

289 401 431 462 Cisterni
455 403 624 482 patiantur.
655 397 730 460 Hssc
752 413 968 462 autemxenmt
997 402 1046 460 De
1068 405 1236 462 secationis

289 497 455 543 momenta.
485 485 526 544 1⁰.
541 481 687 544 Gravitas
708 480 852 558 sceleris,
878 483 963 564 quod
982 423 1084 543 nihiio
1103 483 1241 544 inferius

290 563 391 623 rideri
403 564 530 640 debeat,
549 567 641 645 quim
662 567 689 623 si
710 585 819 624 manus
836 565 940 624 fratris
955 587 1008 624 sau
1054 568 1105 626 ine
1124 575 1238 626 cruen-

289 659 416 706 tassaut.
445 649 491 704 2⁰.
512 645 634 706 Tenere
654 643 743 727 pueri
764 659 837 706 sitas
860 651 911 706 cui
934 587 1089 707 induiueri
1147 647 1238 728 ‘quid

288 732 397 870 fassit.
410 728 457 789 3⁰.
470 729 610 788 Parentis
624 725 725 806 dolor,
743 733 813 787 cum
825 743 1016 810 peremptum
1025 669 1071 788 ira
1168 751 1239 788 scs-

305 831 354 870 ere
383 810 552 891 Josephum
576 809 703 885 audiet,
721 809 779 869 bic
805 813 864 870 erit
887 809 973 872 locus
993 809 1235 876 Exclamationi·
1262 825 1263 830 ’

294 896 342 969 4⁰.
358 892 456 954 Judas
470 895 482 950 i
504 913 537 952 se
579 898 614 951 ui
630 915 661 952 se
679 891 806 972 iosephi
822 905 986 973 patronum
1002 893 1173 974 profitetur.

244 997 252 1008 ¹
331 973 379 1034 3⁰.
399 975 457 1034 Per
497 913 708 1058 prbionemo,
728 975 820 1056 quasi
847 978 931 1056 ipsos
952 978 1080 1036 minime
1099 995 1237 1035 commo·

289 1059 355 1116 veri
374 1059 525 1135 sentiret,
549 1055 632 1117 dicet
655 1058 735 1116 tenti
756 1077 821 1116 esse
844 1060 1013 1119 assuevisse
1040 1056 1121 1118 odiis
1144 1070 1175 1117 et
1187 1059 1240 1116 in-

217 1159 221 1166 ·
291 1137 405 1198 vidite!
555 1139 557 1152 ’

329 1223 377 1294 4⁰.
390 1219 449 1278 Per
459 1219 696 1281 Execrationem
708 1219 828 1282 fimesta
837 1223 1058 1305 quasqueipsis
1066 1221 1236 1282 commina-

182 1303 186 1322 ¹
290 1300 392 1378 bitur,
417 1303 480 1360 nisi
499 1300 637 1382 placidos
659 1325 766 1364 sensus
782 1303 926 1364 induant.

331 1382 477 1464 Denique
494 1405 548 1464 per
572 1385 789 1468 optationem,
813 1386 932 1465 orabit,
947 1398 985 1444 ut
1001 1384 1088 1444 Deus
1106 1381 1239 1445 fratrum

289 1467 410 1526 animos
430 1463 579 1526 inflectat.

229 1547 238 1558 '
543 1551 545 1558 ’
621 1572 898 1620 ounrro

337 1695 471 1764 Actum
486 1709 546 1764 est
569 1693 703 1794 igitur,
727 1691 890 1784 Fratres,
913 1693 1155 1805 peribitpuer
1174 1693 1248 1766 Jo-·

290 1788 448 1888 sophus,
475 1817 592 1890 neque
617 1789 692 1861 ulla
716 1818 779 1867 uos
805 1791 932 1863 misen.
950 1789 1068 1864 fratris
1089 1792 1238 1862 commi-

288 1887 415 1959 seratio
432 1888 536 1958 duros
562 1904 669 1988 atque
685 1887 925 1960 intractabiles
952 1887 1135 1962 inflecteti
1161 1889 1260 1974 Ta·¹

290 2013 373 2056 men
389 1985 606 2056 nondum-ne
618 1986 701 2056 satis
715 1987 893 2057 veteribus
908 1986 995 2057 odiis
1010 1987 1133 2057 datum
1154 2003 1208 2058 est
1218 1985 1249 2056 i.

290 2109 338 2152 an
353 2109 424 2153 non
442 2099 663 2154 exsaturatus
682 2083 798 2155 adhuc
816 2111 860 2154 cu
885 2085 964 2154 idus
986 2083 1151 2155 vindictae
1161 2135 1173 2176 ,
1197 2101 1248 2154 et·

290 2179 432 2251 invids'ae
455 2181 628 2280 impotens
653 2179 818 2253 animusi
850 2109 970 2253 litaret
992 2181 1139 2253 ulterius
1164 2182 1236 2252 iras

291 2277 488 2390 persequi,
517 2305 556 2350 ac
584 2278 653 2361 uisi
676 2293 767 2350 tetro
794 2278 832 2348 in
866 2307 971 2377 specu
996 2276 1089 2351 fame
1114 2291 1256 2379 pereat'„

217 2429 218 2436 κ
294 2373 418 2448 rnfelix
429 2373 541 2450 irater
551 2429 562 2468 ,
582 2375 757 2478 quidquid
776 2376 969 2448 admissum
981 2375 1209 2448 ecthactenus
1221 2429 1247 2467 ,t

186 2481 191 2492 '
294 2473 373 2546 leve
386 2473 624 2574 reputabitis?
643 2475 711 2546 Per
728 2475 849 2545 Deum
868 2473 1130 2544 immortalem!
1155 2500 1236 2574 quae

92 2645 93 2652 χ
126 2589 282 2642 numus.
294 2571 363 2642 ista
384 2588 501 2642 vestra
520 2570 708 2641 crudelitas
724 2570 802 2640 esti
819 2597 898 2670 quae
916 2569 1086 2642 tantem
1104 2571 1246 2642 imma-2

295 2669 421 2768 uisque
437 2665 590 2738 naturai
607 2668 687 2766 quis
708 2683 827 2738 tantus
851 2665 918 2738 fuit
936 2668 1097 2740 odiorum
1114 2665 1235 2760 furor,

295 2782 337 2838 ut
354 2765 423 2838 nisi
442 2761 561 2836 fratris
581 2761 704 2835 funere
721 2764 857 2865 expleri
873 2783 1028 2868 nequeat
1043 2765 1058 2837 i

344 2865 416 2936 Vos
440 2889 529 2963 ego,
556 2889 620 2962 per
646 2862 823 2965 quidquid
854 2881 1014 2938 sanctum
1043 2862 1142 2936 vobis
1168 2860 1239 2934 for-

130 2983 282 3043 tiores-uo.
295 2961 574 3060 midandumque
590 2975 643 3032 est
658 3013 669 3052 ,
683 2987 742 3031 oro
756 2977 862 3061 atque
883 2961 1062 3053 obtestor,
1080 2977 1237 3032 mentem

296 3063 439 3132 atanto
472 3055 604 3157 flagitio
631 3055 799 3130 reflectite
816 3110 826 3150 ,
842 3071 847 3086 '
862 3059 930 3130 nisi
957 3057 1044 3131 forti
1075 3075 1239 3160 expertes

295 3185 357 3230 vos
384 3181 560 3269 purosque
595 3156 731 3228 sceleris
756 3157 1001 3249 arbitramini,
1027 3159 1123 3259 qubd
1145 3185 1235 3254 pue-

295 3241 378 3328 ium
393 3254 460 3352 ipsi
480 3281 551 3324 non
566 3254 790 3366 peremistisi
820 3256 916 3356 qubd
936 3283 1060 3326 manus
1082 3251 1237 3324 fraternis

297 3352 391 3425 caede
426 3351 670 3424 abstinuistisi
698 3354 794 3455 qubd
817 3353 1043 3426 exhorruistis
1077 3351 1122 3422 ad
1145 3349 1235 3421 illud

239 3481 257 3546 ᾗ
297 3449 463 3541 facinus,
497 3450 592 3550 qubd
620 3451 817 3522 volentibus
845 3451 944 3523 vobis
971 3475 1010 3519 ac
1031 3445 1237 3544 jubentibus

189 3581 191 3589 ·
298 3549 376 3620 dira
401 3543 511 3618 fames
527 3543 674 3645 jamjam
687 3545 853 3647 peraget?
868 3548 939 3618 Sed
953 3545 1039 3645 quid
1057 3571 1120 3646 ego
1139 3543 1237 3618 haec'i

270 3655 275 3668 ‘
299 3645 409 3718 sentio
421 3671 443 3737 ‚·
461 3661 597 3716 veteres
612 3643 844 3728 'simultatum
872 3671 986 3716 causae
1015 3643 1123 3715 etiam
1157 3643 1233 3716 ani·-

277 3769 399 3815 =mum
424 3759 610 3844 pungunt,
633 3755 670 3814 et
695 3741 925 3816 exstimulant
944 3769 955 3836 3
980 3769 1065 3815 reus
1092 3758 1146 3815 est
1170 3742 1238 3814 Jou.
