2756 4414
198 215 200 223 ·
306 173 381 267 448
572 185 985 248 ΗΜοιιόε

307 299 440 370 minore
463 292 616 368 vexabat
634 293 713 366 odio
725 347 738 388 ,
762 299 872 397 quam
901 323 962 372 vos
982 321 1103 373 omues
1128 323 1249 372 amore

306 392 600 497 prosequebatur.

357 491 524 564 Obtestor
550 517 633 592 ergo
658 518 740 582 vos,
781 490 951 584 Judices,
986 518 1050 592 per
1078 493 1251 564 sanctissi-

307 616 407 660 mum
420 587 530 678 illud,
547 589 584 662 iu
602 615 672 700 quo
689 589 830 678 sedetis,
845 587 1021 660 Tribunal
1035 643 1057 682 ,‚
1072 617 1136 690 per
1156 592 1250 689 ipsos

306 685 414 785 hujus
426 685 542 757 Curiae
554 699 727 784 parietes,
764 685 803 756 ui
816 686 1041 787 Logodaedali
1050 715 1134 779 voce
1146 687 1250 760 toties

308 787 588 884 personuerunt,
612 799 648 852 et
673 713 827 854 eundem
855 783 1024 856 amissum
1039 783 1252 877 hodiedesi-

309 881 455 971 derare,
479 907 519 950 ac
542 879 650 950 mutis
670 907 733 978 pro
755 882 829 980 ipso
848 909 1012 981 perorare
1029 883 1144 956 verbis
1164 909 1251 983 quo-

229 1019 234 1026 ·
307 978 493 1056 dammodb
512 976 698 1068 videntur3
713 1005 777 1076 per
793 980 898 1050 bonos
916 1007 1058 1073 omnes,
1075 1006 1161 1080 quos
1176 997 1252 1050 tam

216 1117 220 1123 ·
291 1068 443 1146 ¹fortiter
464 1072 575 1146 tuitus
600 1091 654 1145 est
666 1101 678 1165 ;
699 1103 763 1176 per
785 1076 877 1174 ipsos
903 1078 1074 1176 Superos,
1124 1091 1254 1149 uorum

306 1173 513 1272 religionem
544 1198 585 1242 ac
613 1171 748 1244 cultum
776 1189 852 1244 tarn
878 1174 1036 1274 impense
1068 1105 1251 1264 dilendit5

309 1268 475 1367 adjuvate
504 1268 801 1380 Logodaedalum,
836 1285 990 1366 munim,
1008 1267 1074 1342 sori
1101 1271 1251 1361 lumen,

292 1367 417 1437 uestri
451 1365 596 1436 Ordims
625 1366 731 1437 decus
761 1384 798 1438 et
821 1384 1071 1440 ornamentum
1098 1387 1253 1440 vestram

311 1463 474 1562 suscipite
497 1463 535 1533 in
553 1463 726 1556 tutelam,
750 1481 787 1536 et
805 1464 962 1536 debitam
981 1491 1128 1538 summoe
1143 1466 1254 1567 ipsius

310 1560 501 1634 calamitati
524 1559 761 1632 hereditatem
781 1561 993 1661 adjudicate.

654 1759 920 1812 ORATIO

424 1891 501 1963 Pro
521 1891 711 1966 Zeuoeide
734 1895 889 1967 Pictore
910 1896 1130 1968 Eoecoecato.

360 2047 436 2118 Etsi
462 2047 500 2134 id
524 2075 636 2119 unum
660 2045 864 2120 incumbere
886 2050 953 2122 risi
978 2069 1060 2124 sunt
1070 2105 1086 2140 ,
1111 2052 1256 2128 Judices

310 2146 550 2258 integerrimi,
581 2143 645 2244 qui
670 2161 753 2216 ante
775 2172 833 2216 me
868 2145 1034 2220 dixerunt
1060 2151 1252 2242 Oratores,

311 2238 353 2317 u¹t
389 2271 426 2328 m
467 2241 684 2342 deploranda
711 2269 859 2336 eorum,
893 2273 981 2357 quos
1018 2244 1254 2321 defendendos

310 2357 561 2441 susceperunt,
579 2339 803 2430 calamitate,
829 2344 1082 2442 speciosissima
1103 2373 1256 2458 quaeque

309 2439 473 2516 orationis
490 2437 628 2510 lumina
655 2436 889 2532 adhiberent,
913 2458 1033 2512 tamen
1057 2449 1164 2514 sanus
1190 2471 1255 2543 ego

312 2536 424 2621 duxi,
446 2537 497 2627 si,
519 2535 687 2636 neglectis
707 2536 927 2648 Eloquentiae
953 2539 1166 2637 pigmentis,
1184 2569 1256 2616 non

312 2651 387 2704 tam
414 2632 578 2732 loquerer
599 2661 663 2734 pro
680 2633 864 2722 Zeuxrde,
893 2637 1000 2732 quarn
1024 2661 1039 2703 s
1065 2637 1258 2712 ectandum
1285 2707 1288 2714 ,

312 2730 472 2802 omnium
501 2731 607 2802 oculis
635 2728 737 2800 illum
764 2728 983 2801 exhiberem.
1009 2662 1140 2832 Niique
1169 2745 1255 2808 verb

312 2827 463 2900 dubium
489 2829 579 2902 mihi
600 2843 653 2898 est
665 2879 677 2918 ,
711 2825 798 2926 quin
822 2823 938 2896 effossi
965 2825 1042 2926 ejus
1068 2825 1159 2902 oculi
1179 2849 1255 2905 tam

312 2925 541 2999 vehementer
557 2940 739 3023 perorent,
753 2939 794 2994 ut
805 2951 866 2993 vos
882 2923 949 3022 ipsi
965 2926 1011 2996 ad
1027 2943 1102 2998 tam
1118 2925 1254 3002 foedum

338 3021 463 3094 erculsi
481 3021 742 3132 spectaculum,
766 3020 1053 3124 aestimantesque
1080 3025 1254 3122 jacturam

311 3051 400 3192 lireis
426 3145 471 3190 ex
493 3120 569 3215 ipsa
593 3114 695 3210 luce,
724 3121 797 3217 qua
822 3116 1009 3212 fruimini,
1041 3122 1098 3196 vel
1121 3127 1140 3194 ὲ
1161 3124 1255 3222 judi-

313 3217 410 3292 cibus
432 3213 540 3286 tacite
564 3209 660 3284 finds
692 3215 833 3315 patroni
855 3216 1003 3290 Clientis
1025 3220 1120 3312 mei,
1147 3238 1255 3320 atque

240 3335 244 3340 “
313 3311 488 3412 suffragiis
504 3313 628 3384 vestris
637 3313 769 3384 damna
781 3313 880 3384 nulla
893 3315 1107 3398 inhumanis
1124 3318 1253 3410 Rebus,

312 3411 467 3486 caecitate
487 3439 563 3482 esse
591 3411 751 3510 graviora
773 3411 979 3485 decernatis.
1205 3499 1209 3510 ¹

330 3515 334 3524 '
362 3512 417 3582 Ac
435 3505 596 3610 quamvis
617 3509 732 3580 lucem
747 3509 883 3582 nullam
899 3510 944 3582 ab
962 3512 1081 3584 ordine
1096 3513 1256 3598 mutuari

313 3633 453 3686 necesse
469 3605 521 3678 'sit
536 3607 574 3676 in
592 3607 674 3676 caeci
688 3611 795 3677 causa
804 3659 816 3700 ,
837 3606 900 3679 ubi
911 3607 1084 3681 malormn
1100 3611 1254 3709 gravitas

302 3707 377 3776 'nec
399 3704 563 3778 ordinem
577 3703 694 3802 capit,
724 3731 789 3780 nec
813 3705 981 3802 modurn,
1010 3704 1107 3810 qubd
1134 3703 1254 3782 ellusae
