2736 4414
327 223 399 294 &8
587 238 1032 298 nneronrce.

326 345 481 445 primum
492 341 561 412 lule
578 342 675 414 ades.
689 345 805 414 Antro
816 344 854 414 in
866 371 928 441 pro
953 343 1063 442 inquo
1071 367 1199 443 magna
1209 343 1275 416 vis

326 441 406 512 auri
421 441 519 510 latet.
532 440 609 514 Hoc
627 437 758 531 fruere,
774 441 839 510 tibi
855 371 1018 512 sorslaeta
1032 441 1125 539 quod
1141 445 1272 540 sponte

326 537 468 611 obtulit.
487 536 625 608 Dolosae
640 538 712 609 Vul
738 538 750 608 i
769 537 878 610 credit
893 537 986 609 ultro
1003 538 1159 628 Simius,
1183 537 1270 635 (fu·
1342 613 1343 618 ,

325 634 421 708 rielis
446 635 523 706 auri
538 659 621 706 nam
639 567 736 736 quid¹
750 664 819 706 non
846 651 946 736 cogat
971 629 1105 730 limes)
1121 652 1159 706 et
1182 635 1273 748 agili
1341 619 1343 670 ³

325 757 436 845 cursu.
447 749 610 834 properat
630 751 862 804 monstratum
874 735 911 806 in
926 733 1054 804 locum.
1078 733 1149 822 Sed
1169 761 1271 805 emm
1342 813 1343 816 Ἴ

97 903 101 912 .
201 931 204 938 ¹
326 845 457 943 opertis
483 835 570 901 curn
588 830 744 904 haesisset
764 830 945 924 cassibus3
965 858 1020 902 11ae
1047 847 1086 901 tu
1110 831 1273 998 malifinn
1342 865 1344 932 p

240 3061 403 3120 =tem

327 955 387 1018 es,
400 929 536 1094 ιηᾳὲιὶῐ,
553 929 707 1028 Vulpem
720 929 882 1000 incusans
897 957 909 1018 3
923 957 1003 1027 quae
1017 927 1105 999 mihi
1122 928 1197 1000 sici
1225 955 1273 1000 u·
1343 953 1344 968 ¹

326 1026 427 1096 seris.
471 1029 496 1096 't
512 1025 590 1116 Tu,
610 1027 764 1126 reposuit
783 1027 846 1122 illa
866 1025 1074 1112 subridens,
1092 1025 1160 1096 tibi
1173 1022 1274 1097 seras
1343 1091 1344 1098 ,

324 1122 366 1194 in
402 1149 520 1196 omnes
554 1124 603 1193 im
629 1125 742 1196 crium
775 1149 940 1222 arroges,
972 1140 1045 1193 tam
1076 1123 1271 1195 destitutus
1344 1129 1345 1146 ¹

326 1236 467 1312 mente,
486 1237 528 1292 ut
551 1221 590 1291 in
605 1153 749 1323 liquens
764 1220 894 1293 cadas?
917 1222 1065 1319 Depone
1087 1236 1268 1319 sceptrum

279 1363 283 1372 «
324 1317 530 1485 inppmdens
542 1371 554 1411 ,
579 1337 615 1391 et
635 1321 736 1420 regni
760 1318 918 1400 habenas
941 1317 1105 1419 permitte
1128 1317 1272 1416 peritio-

325 1439 357 1486 r1
385 1442 438 1486 us.

325 1625 1270 1665 mmmmm

349 1795 588 1867 ASINUS
624 1797 922 1883 DOMINos
952 1793 1244 1869 MUTANS.

933 1912 973 1958 a

324 1928 550 2060 Onrronr
575 1982 728 2084 cuipiam
752 1985 926 2057 serviebat
954 1982 1088 2049 Asinus
1115 1978 1275 2048 servitu·

324 2095 424 2168 tem,
449 2096 486 2150 et
510 2081 629 2164 illam,
651 2095 691 2143 ut
713 2076 844 2173 iniquae
861 2073 992 2144 mentis
1013 2073 1141 2171 pecudi
1164 2074 1272 2145 vide-

276 2231 281 2242 .
323 2169 689 2263 batur„dun'ssimsm
702 2199 712 2260 3
728 2197 812 2240 nam
823 2186 861 2242 et
870 2169 1058 2242 minimum
1070 2167 1219 2268 pabuli,
1233 2189 1273 2243 et

323 2267 456 2340 laboris
480 2265 617 2340 l’erebat
638 2266 848 2365 plurimum.
873 2269 907 2338 Is
929 2267 1061 2340 servitii
1078 2265 1212 2367 pariter
1234 2283 1274 2340 et

326 2363 491 2466 longioris
515 2379 686 2464 ponaesus
709 2362 859 2461 je'unii,
883 2364 1019 2465 Regem
1034 2366 1194 2436 Deorum
1221 2365 1272 2436 sic

327 2463 555 2576 compellasse
568 2461 709 2534 dicitur.
733 2393 767 2533 d
780 2461 843 2564 qui
851 2459 1005 2534 ferarum
1018 2462 1151 2574 pariter
1161 2478 1272 2561 atque

325 2561 512 2635 hommum
534 2561 648 2631 bonus
668 2560 804 2631 labores
828 2559 922 2630 ultro
945 2559 1108 2657 respicis,
1139 2585 1269 2656 magne

326 2658 469 2756 Jupiter
479 2709 495 2744 ,
506 2683 591 2727 nem
606 2657 802 2728 eidemin
816 2683 936 2727 omnes
950 2673 1068 2726 tenere
1077 2655 1271 2752 imperium
1330 2716 1333 2727 .

326 2750 464 2825 ferunt!
482 2753 537 2823 Te
554 2767 675 2823 nostre
689 2769 855 2824 moveant
870 2747 965 2843 feta,
985 2768 1021 2824 et
1034 2750 1179 2822 alterius
1192 2754 1269 2822 Do·

326 2850 416 2926 mini
424 2845 1266 2950 liceatfemulatumpari.Annrutorantilupiter,

327 2963 365 3020 et
380 2947 422 3020 Fi
471 2947 547 3018 lum
563 2946 676 3019 dedit.
701 2948 753 3018 At
763 2945 944 3020 meliorem
955 2945 1064 3018 nihilo
1075 2962 1177 3016 nacta
1192 2974 1265 3017 sor-

420 2973 553 3116 idllua.
572 3043 740 3146 Namque
756 3043 815 3116 ille
830 3045 927 3118 duris
941 3071 1163 3144 praegravans
1176 3041 1265 3115 lote-

328 3142 454 3234 ribus,
472 3139 593 3216 multis
614 3143 758 3242 insuper
781 3143 953 3242 pecudem
971 3142 1128 3214 caedebat
1143 3139 1265 3241 plagis.

327 3241 526 3314 Recurrere
549 3237 679 3332 iterum
703 3239 835 3314 Asinus
854 3238 978 3313 infelix
1001 3241 1048 3311 ad
1069 3265 1214 3339 preces,
1233 3255 1268 3310 et

255 3373 258 3376 ·
329 3365 462 3410 novum
482 3363 605 3451 rogare
626 3338 821 3412 dominum.
852 3338 926 3430 Qui
942 3337 1014 3410 voti
1028 3331 1267 3436 compos‘ren·

330 3435 427 3508 ditus
453 3435 609 3512 Cormrio
633 3453 699 3508 est.
728 3437 815 3507 Mox
842 3435 1018 3508 duriorem
1042 3435 1137 3506 visus
1159 3431 1269 3504 vitam

332 3534 453 3610 vivere
471 3586 482 3624 ,
501 3532 603 3616 foedis
620 3562 763 3606 suorum
779 3531 1008 3636 affiniumque
1023 3531 1172 3632 pellibus
1183 3529 1267 3602 dum
1347 3613 1349 3622 y

329 3631 527 3704 sarcinatus
544 3661 563 3702 a
588 3634 678 3725 itur,
693 3639 713 3703 d
737 3633 872 3708 utinam
889 3631 963 3724 eit,
982 3629 1110 3702 servire
1120 3627 1270 3698 dominis

330 3725 435 3801 liceat
456 3661 656 3832 pumilus!
687 3725 728 3804 Is¹
744 3759 801 3806 me
828 3727 946 3806 labore
965 3741 1154 3834 postquem
1169 3725 1272 3828 lougu
