2682 4412
273 161 321 250 54
537 178 949 227 nnnrourcu

272 283 422 354 Senatus
456 278 674 369 abeuntem,
705 275 792 373 jam,
808 277 971 350 redermti
999 278 1214 378 gratulatura

272 377 451 452 Moerebat
474 380 650 476 Equester
668 376 767 446 Ordo
776 393 796 467 ‚¹
808 376 871 476 qui
890 375 1132 448 temnaimum
1149 379 1215 450 de-

151 503 155 512 ·
271 504 333 548 cus
346 503 449 547 suum
466 491 573 574 atque
591 490 838 548 ornamentum
850 474 1077 572 deperderet3
1093 501 1213 563 nunc,

204 591 207 597 '
271 591 308 645 te
325 589 464 674 recepto
484 599 524 644 ec
540 571 689 670 sospite,
709 571 848 672 plaudit
869 599 913 642 ac.
924 569 1133 674 triumphat.
1152 569 1218 644 Af-

273 668 498 744 flictabantur
526 698 645 741 omnes
673 669 782 762 boni,
807 669 893 741 dum
923 696 959 740 se
985 687 1132 769 patrono
1153 697 1220 740 suo

133 807 140 832 s
168 859 171 865 Ι
274 797 313 840 ac
323 766 510 844 defensore
532 768 720 840 destitutos
733 783 928 842 cernerent*
935 796 947 859 3
967 767 1127 840 exultant
1154 765 1221 838 ho-

105 2045 241 2111 Duplicau.

120 2341 242 2394 Gradstio.

273 867 331 937 die
343 919 353 958 ‚
385 871 466 938 oum
490 866 694 940 restitutum
711 883 747 936 te
775 867 842 937 sibi
871 861 978 936 fuisse
1007 865 1216 966 gloriantur.

273 965 368 1035 Tota
394 965 517 1036 civitas
543 961 700 1036 confecta
726 964 824 1035 luctu
847 977 955 1064 atque
979 964 1075 1036 senio
1097 961 1221 1032 salutis

273 1062 448 1134 vindicem
471 1089 510 1134 ac
537 1059 711 1134 libertatis
737 1088 810 1134 suae
833 1077 1042 1132 assertorem
1057 1060 1219 1160 require-

274 1157 358 1251 bat3
390 1179 484 1232 nunc
513 1176 629 1231 erecta
662 1160 807 1231 tandem
840 1175 877 1230 et
903 1174 1061 1230 recreata
1087 1183 1221 1228 novum

274 1257 386 1328 sibit
415 1273 451 1328 te
469 1257 671 1356 praesidium
696 1255 927 1357 adpromittit.

324 1353 452 1454 Neque
477 1355 571 1426 enim
598 1354 728 1426 excidit
744 1353 943 1455 gratissima
970 1369 1112 1426 tuorum
1137 1379 1222 1452 erga

274 1451 454 1524 civitatem
480 1451 799 1523 benemeritorum
821 1449 1012 1541 memoria,
1037 1458 1118 1520 cum
1143 1477 1223 1549 per-

276 1547 405 1620 niciosa
431 1550 470 1620 in
499 1551 627 1646 Remp.
654 1548 797 1619 consilia
823 1547 1006 1646 detegeres
1018 1575 1029 1638 ς
1052 1553 1133 1618 cum
1155 1575 1223 1618 ne-

275 1645 391 1736 farios
406 1645 651 1718 sceleratorum
670 1643 800 1718 civium
821 1645 975 1743 impetus
991 1645 1222 1744 reprimeres3

277 1749 357 1816 edm
371 1769 444 1844 ‘pro
461 1744 575 1816 salute
592 1742 735 1843 publicd
792 1742 965 1815 avissimis
1027 1743 1143 1814 riculis
1166 1771 1223 1813 ca·

277 1858 352 1942 put·
364 1845 584 1942 opponeres}
610 1845 689 1912 edm
712 1770 840 1913 irri‘cm
861 1839 952 1913 hanc
968 1771 1198 1913 aliincendio
1209 1893 1222 1932 ,

278 1941 432 2032 scelere,
456 1939 571 2033 ferro,
595 1939 764 2012 servitute
785 1939 949 2038 eriperes.

338 2039 469 2137 Excipe
499 2066 537 2111 er
561 2067 608 2129 0,
638 2039 761 2110 Marce
789 2036 916 2128 Tulli,
953 2038 1072 2138 excipe
1099 2036 1224 2137 dignas

278 2137 496 2236 prudentia,
534 2067 657 2237 dignas
684 2135 846 2234 pietate,
881 2135 1003 2248 dignas
1030 2136 1224 2207 constantii

280 2234 530 2335 triumphantis
543 2235 581 2305 in
597 2237 703 2306 causd
719 2235 783 2304 tud
799 2233 949 2306 civitaus
962 2235 1136 2306 universae
1147 2259 1225 2334 gra-

279 2333 483 2406 tulationes.
509 2331 606 2404 Nam
637 2333 666 2402 si
695 2331 849 2404 muttum
873 2330 939 2414 tibi,
967 2330 1095 2422 debet,
1128 2332 1225 2430 quod

280 2431 379 2503 illam
403 2430 577 2502 facundiae
598 2447 669 2502 tuae
689 2429 794 2500 laudo
818 2455 1004 2502 ornaveras
1016 2457 1028 2520 ;
1057 2430 1086 2514 si
1112 2429 1226 2498 multo

280 2531 413 2629 plura,
439 2530 535 2626 quod
559 2528 722 2598 eamdem
738 2543 813 2596 tam
837 2524 1028 2623 prudenter
1055 2526 1225 2596 adminis-

282 2645 461 2716 traveras3
481 2625 509 2694 si
532 2624 745 2722 plurimdm,
773 2624 869 2723 quod
884 2623 1026 2714 consilio
1045 2640 1081 2693 at
1104 2651 1151 2694 ue
1170 2623 1227 2694 vi-

283 2724 429 2824 gilantid
460 2723 589 2793 multas
626 2722 676 2805 ab,
701 2725 745 2793 ed
776 2720 990 2792 calamitates
1012 2651 1225 2821 depiileras3

284 2825 458 2934 quantdm
471 2819 604 2898 ¹debere
619 2818 687 2891 tibi
703 2819 852 2890 dicenda
870 2833 925 2889 est
934 2870 945 2909 ‚
962 2843 1071 2920 quam
1089 2819 1133 2889 ab
1151 2819 1227 2889 exi·

284 2914 334 2995 tro
349 2918 584 2995 fimestisaimo
597 2919 732 2992 salvam
744 2933 780 2990 et
788 2916 1000 3016 incolumem
1013 2915 1227 3017 praestitisti?
