2668 4414
298 217 348 290 82
565 243 975 296 nnrrourca·

297 337 549 414 beneficiorum
565 343 759 433 memoria,
778 343 868 416 nihil
885 361 1042 442 paternae
1053 347 1242 447 cujusdam

297 437 554 512 benevolentiae
568 441 649 533 vis,
669 440 757 512 nihil
774 441 903 513 orbitas
915 444 1132 544 Reipublicae
1148 447 1241 518 etin

296 536 388 609 tanti
405 539 473 611 viri
493 536 566 613 into
587 537 665 636 jam-
678 537 753 635 jam
770 539 966 613 interiturae
983 545 1241 617 commiseratio

296 636 501 710 moverunt?

344 735 442 808 Nam
461 733 719 834 quemalium,
741 735 862 808 Patres
883 735 1104 837 Conscripti‚
1123 739 1238 812 malo·
1257 751 1269 762 “

137 843 271 890 camaa.
293 859 375 906 rum
401 835 541 905 illorum
562 859 643 932 quae
667 831 742 930 jam
755 833 940 932 ,patimum
969 853 1147 909 auctorem
1168 837 1240 909 nisi

201 937 210 945 '
293 933 537 1004 M.Brutu1na
562 929 784 1028 pollebimus.
796 931 932 1003 Doletis
943 933 1113 1008 extinctas
1122 935 1239 1008 Caesa'-

292 1031 340 1101 ris
358 1027 502 1102 victoria
515 957 636 1100 Civilis
655 1028 744 1100 Belli
762 1025 853 1100 faces
873 1025 980 1104 fuisse
994 1031 1110 1104 denuo
1129 1033 1237 1104 susci-

291 1127 408 1198 tatas?
429 1125 620 1208 Suscitavit
633 1127 688 1198 M.
708 1127 852 1216 Brutus.
879 1129 1099 1200 Desideratis
1114 1129 1237 1229 expul-

290 1251 365 1294 sam
391 1221 480 1296 urbe
503 1223 703 1324 nostrisque
720 1221 850 1297 tinibus
874 1225 1168 1326 tranquillitatem
1193 1256 1235 1298 ac

287 1321 431 1419 paeng
446 1323 656 1420 ExpulitM.
673 1323 817 1394 Brutus.
829 1323 1067 1421 Expostulatis
1077 1325 1235 1396 sublatas
1313 1390 1316 1404 .

287 1445 468 1495 armorum
480 1418 622 1494 licentia
640 1419 753 1523 leges,
775 1419 943 1492 violatam
956 1421 1103 1516 Senatus
1116 1440 1236 1496 aucto-

285 1516 428 1598 ritatem
438 1569 452 1609 .,
471 1517 675 1590 libertatem
690 1515 759 1612 Rei
785 1513 910 1590 ublicae
926 1517 1131 1617 gravissimo
1149 1520 1233 1592 vul-

285 1641 370 1686 nere
403 1615 622 1688 sauciarunt
648 1546 830 1707 Sustuiit,
854 1615 999 1697 violavit
1013 1668 1037 1708 ‚.
1061 1619 1235 1692 sauciavit

284 1714 340 1784 M.
353 1716 498 1786 Brutus.

124 1845 269 1906 cmm,
333 1813 381 1882 Et
390 1827 511 1884 tamen
526 1827 671 1911 posttot
687 1837 726 1881 ac
738 1827 840 1884 tanta
855 1810 984 1884 scelere
1000 1813 1039 1884 in
1051 1837 1123 1883 uno
1138 1839 1233 1883 com-⁴

282 1909 391 1984 missa
415 1907 551 2011 flagitia
563 1962 575 2000 ,
604 1909 683 2010 quis
700 1906 784 1980 i'acti
806 1908 1016 1981 conscientia
1042 1909 1231 2021 superbit?

282 2007 338 2078 M.
351 2005 496 2081 Brutus.
509 2007 600 2101 Quis
611 2007 776 2078 amissam
786 2005 1230 2106 libertateminpnstinum

281 2105 388 2178 decus
398 2105 592 2179 restituisse
608 2104 805 2204 gloriatur?
823 2107 877 2178 M.
890 2105 1034 2178 Brutus.
1050 2105 1141 2197 Quis
1157 2104 1228 2177 mi-

280 2204 366 2274 seris
384 2233 424 2276 ac
436 2203 582 2306 perditis
599 2201 734 2276 civibus
746 2202 915 2300 insultat?
929 2205 986 2274 M.
1005 2204 1150 2274 Brutus.
1204 2262 1209 2270 .

289 2319 306 2338 ·'
325 2303 421 2394 'Quis
439 2327 548 2417 ergo,
572 2303 628 2373 M.
647 2301 781 2392 Brute,
799 2327 871 2372 non
887 2301 1095 2373 sceleratum
1114 2317 1150 2372 te
1166 2328 1229 2371 so·-

278 2398 381 2493 lum,
402 2399 661 2500 sefflrmpiumi
691 2426 809 2500 neque
836 2397 987 2499 impium
1001 2400 1134 2488 modo,
1162 2400 1227 2470 sed

120 2517 243 2566 ornato.
279 2499 388 2570 etiam
404 2495 647 2610 parricidam?
673 2523 792 2596 neque
820 2497 1031 2596 parricidam
1056 2499 1224 2588 tanturn,

277 2597 341 2667 sed
365 2595 609 2668 et1am.tctius
635 2593 853 2706 Reipublicae
882 2591 1141 2664 interfectorem
1152 2621 1227 2666 non

276 2685 460 2794 appellet?
478 2690 622 2765 Namsi
645 2686 779 2762 facmus
801 2706 856 2762 est
879 2693 1082 2762 Romanum
1099 2691 1226 2766 Civem

277 2793 400 2863 etiam·
415 2789 592 2865 nefarium
617 2787 804 2881 occidere3
835 2786 973 2880 scelus,
999 2790 1224 2862 innocentem

276 2891 454 2962 trucidare
466 2887 723 2992 3'parricidimn
738 2939 750 2980 ,
774 2887 947 2988 optimum
962 2887 1161 2984 Principem
1177 2889 1224 2959 de

276 2989 394 3062 medio
411 2987 532 3060 tollere
546 3015 557 3080 ;
606 2987 670 3057 uid
685 2985 841 3072 dicemus
854 2986 997 3070 Patrem
1013 2986 1141 3056 Patriae
1164 3001 1226 3056 tou·

277 3087 420 3188 tiusque
434 3085 578 3188 imperii
630 3085 749 3160 amani
772 3084 932 3186 columen
958 3111 998 3155 ac
1014 3084 1223 3184 praesidium
1252 3119 1259 3140 ι
1298 3107 1304 3115 ·

274 3183 480 3258 nusmlisset
693 3259 698 3268 ,
913 3249 918 3256 .

531 3305 862 3356 narrentur
899 3305 960 3351 11.

348 3426 417 3500 De
443 3425 484 3501 V
477 3383 649 3510 arborum
666 3376 833 3522 ⁴Figuris
860 3443 946 3521 quae
974 3435 1149 3496 constant

608 3518 879 3594 Similitudine.

288 3662 290 3668 ’
324 3655 488 3766 Quatuor
510 3681 593 3740 sunt
613 3665 754 3842 FiEurae
772 3664 1000 3760 Verborum,
1019 3691 1100 3767 quae
1112 3693 1214 3737 cons-

108 3757 113 3762 *
207 3815 218 3834 ·
273 3787 352 3848 tant
375 3765 628 3871 similitudinem
679 3791 802 3866 emper
818 3765 891 3840 sive
905 3765 1086 3858 I'socolon,
1105 3764 1215 3840 Simi-
