2710 4418
325 211 394 309 196
584 186 996 282 narro-orca·

243 337 250 348 ’
320 359 413 403 mus.
432 325 530 402 Nam
547 330 645 402 dotes
663 329 770 400 animi
791 327 1059 430 aggrediemur,
1079 357 1126 402 an
1144 357 1183 404 co
1226 359 1262 405 o·
1329 415 1336 424 ‚

319 430 392 501 risi
409 431 518 528 qudm
528 427 646 526 ample
657 455 717 499 sur
740 428 767 498 it
779 427 943 518 Oratori,
959 431 1067 527 qudm
1075 357 1260 529 magnilica

319 527 366 599 de
381 542 461 597 utro
487 553 532 598 ue
544 455 755 624 praedicauit
777 551 874 624 seges
891 524 900 595 !
916 527 951 595 A
976 553 995 596 e
1013 525 1106 596 enim
1126 545 1273 627 quanta,

319 623 443 696 frontis
463 554 644 722 (dignitasl
671 625 778 720 quim
808 621 926 694 vivida
953 551 1019 694 iux
1052 623 1258 698 oculorum!

317 725 429 822 qudm
451 722 576 792 decens
592 719 659 790 oris
674 718 892 819 compositio!
907 721 1016 819 quim
1037 746 1132 794 nova
1153 722 1260 794 totius

318 819 437 890 vultds
462 819 589 917 species
613 833 720 916 atque
745 815 967 906 arnabilitas3
999 844 1079 917 quae
1130 817 1259 892 ulteris

317 917 454 1015 patiens
471 932 577 1014 atque
590 913 694 1004 solis,
714 941 778 984 nec
791 913 873 1011 ipsis
892 911 1062 984 bellorum
1079 845 1259 987 lanoribus

316 1011 514 1086 deteratur!
528 1009 551 1084 J
552 1011 655 1082 ainin
666 1012 803 1082 incessu
812 1026 945 1110 quanta
1019 1011 1123 1104 vitas,
1136 1012 1174 1083 in
1184 1041 1258 1084 cor-

342 1137 399 1181 ore
415 1111 523 1208 qudm
534 1108 629 1207 justa
642 1108 879 1208 concinnaque
899 1113 939 1178 d)
977 1106 1124 1180 onnatio
1146 1139 1257 1182 mem-

315 1139 460 1279 iromm
469 1259 480 1297 ,
497 1207 535 1276 in
546 1205 688 1277 homine
698 1222 770 1276 toto
785 1209 893 1306 qudm
902 1206 1055 1278 verenda
1067 1205 1256 1304 majestas!

313 1305 433 1375 Sicut
454 1304 548 1375 inter
568 1303 710 1374 Aulicos
732 1329 835 1394 suos,
860 1303 889 1375 si
911 1304 1052 1403 quandd
1061 1305 1256 1400 permixtus

313 1402 540 1492 inveniatur,
562 1401 720 1491 nemini,
745 1401 807 1499 qui
821 1399 938 1497 ipsum
957 1427 1141 1500 nunquam
1159 1401 1256 1476 vide·

312 1501 384 1590 rit,
403 1497 507 1570 liceat
518 1497 618 1568 illum
628 1497 788 1597 ignorare
805 1550 816 1588 ,
832 1513 895 1568 aut
910 1497 965 1568 Re
989 1525 1046 1568 em
1060 1496 1252 1598 inquirere.

362 1597 472 1689 Quod
481 1595 511 1666 si
532 1613 605 1666 tam
624 1595 766 1666 eximias
787 1593 932 1666 exhibet
978 1611 1051 1666 otes
1078 1597 1252 1694 corporis,

310 1701 444 1796 quanto
461 1693 718 1792 praestantiores
733 1679 841 1764 animi
859 1692 1007 1765 virtutes
1023 1719 1096 1790 pne
1113 1720 1150 1764 se
1163 1690 1252 1765 fert!

309 1795 352 1864 ln
379 1817 421 1862 eo
442 1791 528 1892 quid
548 1818 620 1862 non
641 1791 798 1890 regium,
820 1789 907 1890 quid
933 1815 1003 1861 non
1019 1789 1251 1883 admirabile,

308 1890 400 1990 quid
421 1917 494 1960 non
516 1889 686 1960 memorid
712 1885 983 1986 dignissimum?
1005 1888 1069 1957 Est
1094 1887 1253 1986 aliquis,
1287 1889 1290 1896 ’
1332 1887 1342 1902 '

307 1988 373 2100 qui
395 1987 439 2057 de
461 1986 593 2085 ingenii
615 1985 840 2086 praestantii,
861 1981 1052 2075 facilitate,
1078 1984 1255 2084 perspica-

307 2087 362 2156 οιΑ
389 2100 523 2156 certare
546 2083 661 2154 cumi
686 2111 723 2154 so
800 2081 863 2154 ssit
871 2110 883 2171 3
905 2108 1013 2182 quem
1034 2083 1111 2172 sui,
1145 2109 1256 2183 quem

306 2181 419 2254 exteri
431 2180 641 2281 gravissimis
661 2111 706 2252 de
726 2207 764 2250 re
790 2207 832 2250 us
848 2179 1022 2250 dicentem
1039 2195 1134 2250 etex
1157 2195 1251 2251 tem·

307 2307 392 2379 pore
416 2279 685 2379 respondentem
710 2277 812 2348 toties
831 2275 1065 2375 obstupuere?
1090 2275 1190 2374 cujus
1208 2305 1255 2352 ex

307 2405 369 2448 ore
395 2376 493 2447 nulla
519 2404 586 2448 vox
611 2377 771 2474 unqudm
796 2371 958 2464 effluxit,
984 2400 1064 2474 quae
1087 2373 1255 2472 longioris

228 2545 234 2558 ,
305 2474 492 2571 cujusdam
507 2491 544 2544 et
558 2473 734 2544 altissimae
751 2471 984 2544 meditationis
1025 2486 1121 2540 artus
1139 2470 1254 2544 videri

304 2596 378 2638 non
402 2569 548 2679 posset?
573 2571 663 2658 Quis
684 2596 726 2638 eo
750 2568 807 2638 vel
836 2569 873 2636 in
918 2499 1116 2638 rovidendis
1141 2566 1253 2639 rebus

304 2690 485 2763 sagacior,
509 2663 567 2732 vel
588 2665 627 2732 in
647 2595 934 2733 administrandis
960 2663 1168 2774 sapientior,
1187 2665 1252 2765 qui

243 2791 250 2806 ·
303 2759 516 2860 aequabilem
528 2786 568 2830 ac
588 2776 804 2830 constantem
816 2759 1006 2859 longissirm
1023 2761 1122 2860 regni
1135 2757 1250 2834 fortu-
1345 2769 1353 2780 '

303 2885 389 2930 nam
408 2856 605 2957 prudentiae
625 2857 794 2954 inprimis
817 2883 890 2928 suae
913 2873 1091 2956 acceptam
1113 2857 1249 2931 debeti

302 2956 368 3055 qui
387 2981 534 3055 regnare
556 2983 621 3054 per
644 2983 680 3025 se
700 2953 791 3024 solus
813 2955 871 3028 vel
887 2953 1005 3054 junior
1022 2955 1169 3028 didicit?
1186 2957 1251 3056 qui

303 3053 479 3125 ministros
496 3052 543 3122 ad
558 3079 722 3151 pompam
740 3053 851 3154 magis
868 3069 905 3124 et
922 3049 1247 3154 magnificentiam,

202 3149 207 3160 ¹
301 3155 413 3250 qudm
460 3150 506 3221 ad
540 3150 784 3224 necessitatem
827 3150 974 3222 habeti
1018 3151 1108 3243 Quis
1143 3157 1249 3263 porro

301 3248 461 3346 cupidior
485 3247 572 3346 juris
598 3264 634 3320 et
659 3249 834 3338 amantior
863 3247 1065 3349 aequitafis3
1120 3274 1156 3318 ur
1187 3247 1248 3320 rel

300 3346 450 3456 propriis
463 3346 503 3415 in
521 3345 715 3417 rebus'sud
732 3348 838 3419 unius
853 3347 1025 3420 sententis
1037 3273 1128 3443 saepss
1140 3348 1246 3418 csusd

301 3441 459 3513 excrditi
492 3443 602 3513 Unde
633 3451 716 3514 vero
753 3470 967 3544 quemquam
991 3457 1114 3512 nactus
1148 3439 1247 3536 eris,

302 3540 365 3638 qui
387 3541 487 3610 tantd
509 3565 590 3609 cum
613 3555 785 3636 potestate
802 3557 938 3610 tantam
968 3539 1245 3614 moderationem

299 3635 520 3708 conciliavit?
548 3633 702 3706 Credent
724 3637 858 3708 Posteri
876 3637 923 3706 sic
942 3637 1131 3736 imperasse
1166 3667 1245 3710 mo·

303 3731 397 3806 tibus
418 3733 529 3810 animi
541 3733 778 3829 Ludoricum,
790 3761 861 3810 non
878 3734 983 3810 modo
1004 3734 1094 3811 mlul
1116 3752 1158 3812 ut
1172 3763 1243 3811 un·
