2710 4418
307 250 518 299 urarn
566 251 840 300 narnus.
978 249 1047 328 197

88 353 210 451 qudm
224 351 334 422 iratus
346 351 568 448 peccaverit,
584 351 646 420 sed
664 376 728 421 nec
744 348 928 449 protulerit
941 353 1046 452 qnid-

10 531 11 538 *
92 451 223 547 piam,
248 448 344 593 puod
363 449 421 517 vel
444 444 669 518 offensionem
689 447 745 519 vel
772 448 1047 547 indignationem

10 539 11 550 ¹
92 573 133 616 aa
185 563 263 617 ret.
277 545 445 656 Denique
465 544 566 616 mitto
590 545 727 636 dicere,
757 545 930 645 quamsit
955 545 1046 618 libe·

10 569 14 710 l
92 573 184 715 ulli
210 659 248 714 et
281 670 342 714 ma
428 669 509 734 cus,
546 645 654 743 quam
680 641 796 714 bonus'
823 643 1045 737 domesticis,

10 769 12 824 3
93 743 210 840 quam
235 739 339 812 amab
366 741 395 811 is
420 739 551 811 cunctis
577 756 613 810 et
637 731 810 840 acceptus.
836 739 945 812 Pareo
972 769 1047 813 me·

10 829 12 912 l
95 865 241 910 morare
275 837 555 938 magnitudinem
587 838 695 908 animi
729 839 766 909 in
798 838 983 950 periculis,
1007 841 1046 933 ip

95 935 258 1007 adversis
286 935 543 1022 constantiam,
564 935 771 1007 modestiam
796 963 835 1006 tn
858 937 1044 1034 prosperis.

94 1033 278 1105 Praetereo
303 1033 531 1104 tenerrimam
551 1032 723 1145 pietatem
749 1034 787 1104 in
803 1035 948 1125 Deum,
973 1051 1047 1106 stu-

95 1129 198 1202 dium
232 1127 423 1231 Religionis
440 1125 682 1223 'scammum,
712 1130 953 1202 incredibilem
987 1133 1045 1204 rel

94 1227 191 1300 inter
202 1255 384 1327 prosperos
400 1255 579 1299 armorum
596 1245 744 1300 eventus
759 1229 854 1328 pacis
871 1255 1043 1300 amorem.

147 1325 299 1399 Evolvat
311 1379 322 1417 ,
342 1351 483 1426 per-me
508 1325 613 1416 licet,
638 1326 824 1398 universus
844 1325 937 1397 orbis
963 1329 1045 1398 An·

95 1423 195 1493 nales
218 1449 318 1516 suos3
340 1439 514 1496 scrutetur
544 1423 658 1522 prisca
681 1440 912 1494 monumenta
940 1440 1044 1496 vetus

10 1167 15 1268 l

94 1519 310 1618 antiquitas3
329 1518 463 1622 fingant
480 1520 547 1593 sibi
559 1520 616 1592 vel
631 1520 717 1620 ipsae
729 1519 874 1590 Fabulae
885 1519 1043 1593 Heroem

10 2131 16 2356 l

95 1617 143 1688 ad
184 1616 395 1711 arbitrium,
436 1645 545 1720 quem
580 1645 660 1690 curn
692 1615 871 1689 Ludotico
908 1619 1043 1718 Magno

92 1713 261 1786 collatum
284 1716 408 1788 velint.
870 1795 873 1800 ,
979 1742 985 1757 ’

145 1811 282 1912 Regem
308 1839 391 1914 ergo
409 1829 484 1886 tam
508 1812 629 1885 multis
660 1829 824 1884 ornatum
850 1812 1044 1885 virtutibus

95 1910 179 2019 quis
208 1937 278 1980 non
307 1911 480 1983 extollatl
514 1912 606 2002 Quae
638 1907 785 1982 facultas
818 1911 977 1982 tandem·
996 1912 1044 1982 ab

93 2033 174 2103 ejus
207 2007 412 2080 conticescat
435 2008 626 2081 laudibusl
654 2010 744 2102 Quis
775 2035 902 2082 nomen
931 2009 1051 2109 ipsius·

94 2106 160 2174 toti
217 2105 366 2176 steritati
379 2107 650 2182 consecrandum
661 2107 754 2177 ultro
768 2134 839 2177 non
852 2105 1045 2206 suscipiat}

146 2131 254 2274 tliinc
266 2203 428 2296 Pictura,
446 2203 560 2304 qualis
578 2219 631 2274 est
640 2256 651 2295 ,
667 2205 775 2276 talem
788 2200 915 2275 bituris
932 2203 1044 2275 aetati-

93 2297 164 2370 bus
191 2319 448 2400 repraesentet‚
470 2318 506 2373 et
531 2302 679 2412 vividis,
704 2306 879 2412 quantitm
902 2317 1042 2400 potest,
1158 2323 1169 2366 ·.

11 2399 13 2496 ᾧ
92 2397 269 2469 coloribus
288 2398 462 2510 egregiam
479 2398 547 2469 oris
564 2425 741 2497 spectem,
760 2398 903 2498 dignam
924 2397 1045 2471 Heroe

11 2521 14 2584 ³,
93 2511 269 2566 staturam
286 2513 322 2566 et
343 2511 534 2608 sprrantem
558 2494 597 2564 in
616 2509 689 2565 toto
709 2519 849 2592 corpore
869 2492 1042 2593 Maiesta-

93 2607 167 2663 tem
201 2593 342 2664 studeat
361 2593 505 2665 rmitari.
525 2591 647 2693 Erigat
666 2589 917 2691 Triumphales
941 2619 1044 2664 arcus

11 2739 12 2742 =
94 2689 308 2790 Sculptura,
335 2719 426 2804 ,quos
461 2690 561 2762 nulla
590 2707 661 2764 tem
688 2717 789 2762 orum
817 2716 856 2760 ac
884 2705 1042 2789 tempes—
1114 2723 1123 2752 x

93 2803 212 2859 tatum
251 2788 384 2886 injuna
415 2789 559 2878 diruat3
592 2719 724 2866 incidat
755 2789 793 2858 in
830 2813 899 2860 aere
933 2805 1042 2886 atquo

11 2883 13 2900 ’
94 2911 288 2958 marmore·
302 2887 429 2958 relatas
459 2887 506 2956 ab
539 2913 580 2956 eo
608 2885 794 2976 victorias,
825 2901 1042 2986 expugnatas

12 3041 14 3044 -
92 2981 230 3075 urbes,
264 3001 446 3085 occupatas
472 2984 697 3074 Provincias,
719 2982 821 3054 fusos
841 2983 1039 3071 exercitus,

92 3097 134 3151 et
149 3080 346 3180 conjuratas
371 3083 477 3153 totius
499 3081 650 3181 Europae
667 3081 758 3152 vires
790 3077 917 3150 fractas
936 3077 1040 3148 toties

92 3205 136 3248 ac
157 3177 374 3258 debilitatae.
396 3178 502 3272 Quod
520 3179 647 3279 exequi
668 3179 839 3266 Pictura,
856 3203 920 3246 nec
934 3199 1040 3274 praes·
1137 3237 1142 3242 .

92 3292 170 3347 tare
199 3278 388 3377 Sculptura
425 3277 557 3378 possit,
594 3275 787 3373 singulares
820 3271 896 3369 ejus
930 3272 1041 3344 animi

92 3373 194 3445 dotes
217 3401 258 3444 ac
281 3375 429 3446 virtutes
453 3375 570 3446 Possis
587 3389 623 3444 et
639 3367 851 3481 hicquentia
866 3395 1042 3440 commen-

92 3471 194 3542 dent.
229 3471 431 3543 Liberalem
457 3472 583 3562 illum,
614 3463 837 3569 magnificum
849 3517 860 3559 ,
889 3464 1037 3556 fortem,

89 3569 317 3641 moderatum
335 3623 351 3666 ,p
377 3571 584 3642 clementem
596 3620 611 3654 ,
645 3566 805 3666 justum,
836 3559 1039 3653 all'abilem,

111 3665 214 3758 ium,
240 3667 387 3768 Superis
407 3667 553 3767 perinde
581 3683 688 3766 atque
709 3662 909 3736 hominibus
940 3687 1039 3732 ama-

87 3693 205 3839 bilem
232 3763 424 3866 loquantur
450 3791 490 3838 ac
513 3761 718 3868 praedicenn
744 3761 866 3834 Addat
897 3786 933 3840 se
954 3757 1039 3832 reli-
