2768 4410
285 238 525 326 ,ersus
582 262 855 312 surmus.
985 246 1054 336 259

118 389 252 436 onlnem
275 359 623 460 expectationemque
653 376 808 432 nostram
832 357 982 460 publicos
1006 363 1058 434 in-

117 459 309 533 columitati
334 485 373 529 ac
401 457 506 528 saluti
533 454 747 556 providistis.

160 558 214 629 Te
237 563 344 646 verb,
370 553 553 626 hominum
572 553 861 648 sceleratissime,
888 555 968 655 quis
993 557 1068 628 de.·

23 703 25 724 .
117 661 214 728 mrim
237 653 333 726 furor
348 654 387 724 in
405 669 456 724 tot
471 652 674 722 innocentes
697 651 858 723 victimas
876 653 1059 724 armabati

9 783 10 786 ¹
120 753 198 856 quis
227 767 303 824 erat
332 777 454 822 sensus
477 745 651 848 pestilerae
680 746 955 848 conjurationis?
978 757 1060 864 ‚qul

119 877 179 955 spe
196 849 241 921 ad
257 847 478 921 fundendum
494 861 546 916 tot
555 845 738 917 Caesnum
751 847 956 946 sanguinem
976 875 1061 920 mci·

8 1005 12 1017 .
119 945 266 1019 tabarei
294 945 449 1017 Putabas
471 942 663 1035 nmirum,
690 943 717 1014 si
741 943 943 1016 Germanici
960 943 1062 1018 lami-

120 1045 202 1116 lium
226 1044 424 1115 sustulisses
434 1093 445 1134 ,
470 1041 648 1112 neminem
665 1041 900 1142 inposterum
918 1041 1058 1135 adfore,

120 1141 181 1242 qui
208 1140 385 1242 parricidii
410 1139 464 1211 tui
496 1139 755 1210 immanitatem
777 1140 970 1231 revelaret,
997 1144 1060 1242 qui

119 1256 153 1310 te
180 1238 261 1310 huic
290 1238 404 1310 ordini
433 1233 647 1335 amplissimo
668 1234 794 1311 meriti¹
818 1236 1061 1310 mulctandum

8 1388 11 1396 ·
120 1339 226 1506 poenit
242 1332 419 1407 deferret?
435 1336 487 1404 At
504 1360 612 1434 quam
623 1331 732 1406 falsus
744 1333 905 1434 opinione
924 1337 985 1407 tuit
998 1335 1055 1407 es!
1071 1386 1074 1397 -

155 1452 191 1506 ot
212 1432 361 1506 habebis
380 1446 613 1522 accusatores,
633 1447 720 1532 quot
736 1433 872 1506 suntin
888 1431 954 1503 htc
972 1431 1060 1504 urbe

121 1533 212 1603 cives
236 1530 378 1629 optimi,
397 1545 483 1642 puot
503 1527 541 1600 in
558 1527 726 1600 Romanis
744 1528 938 1628 legionibus
954 1527 1061 1600 fortu-

115 1630 196 1700 nati
212 1627 412 1704 Germanicr
431 1624 704 1718 commilitones,
729 1642 815 1726 quot
835 1643 917 1698 sunt
934 1626 971 1696 in
988 1631 1061 1699 tota

119 1725 220 1797 Italia
249 1723 468 1824 Reipublicae
495 1739 622 1796 nostrae
651 1719 849 1795 defensores
885 1725 1058 1798 acerrimi.
1188 1801 1190 1805 ,

120 1825 255 1896 Verum
277 1824 361 1924 quia
386 1847 450 1892 nec
470 1825 512 1892 eb
532 1837 632 1921 parte
654 1821 792 1894 salvum
814 1849 850 1892 se
872 1838 908 1892 et
926 1823 1060 1894 incolu-
1089 1848 1250 1900 Absentiam·

119 1949 214 1993 mem
227 1917 299 1992 fore
317 1919 445 2010 sensit,
465 1917 571 1990 aliam
586 1917 690 1989 homo
708 1917 915 1990 valemimus
928 1921 1058 1992 ineun-
1073 1916 1135 1960 '⁰²³¹
1145 1915 1248 1965 ‘lm

8 2077 9 2080 η
119 2020 200 2090 dam
215 2018 352 2118 putavit
367 2017 482 2107 exitii,
503 2016 598 2118 quod
610 2015 795 2088 imminere
809 2015 875 2087 sibi
891 2005 1058 2112 ridebat,
1123 2085 1134 2092 .

98 3107 102 3121 .

119 2116 318 2188 declinandi
330 2115 514 2186 rationem.
536 2113 638 2184 Scitis
651 2113 734 2225 ipsi,
748 2113 788 2186 P.
810 2113 852 2185 C.
870 2117 966 2218 ,qual
983 2145 1064 2188 con·

120 2213 276 2286 tumacial
294 2211 413 2284 venire
434 2211 573 2309 jussus,
601 2227 643 2284 ut
666 2209 765 2282 1llatit
788 2213 1005 2286 accusatione
1027 2243 1064 2288 se

120 2335 158 2384 sc
185 2325 355 2411 purgaret
377 2309 473 2476 apud
491 2337 575 2400 vos,
601 2336 723 2422 parere
744 2308 930 2403 abnuerit3
955 2315 1064 2412 quim

119 2411 214 2509 aegre
234 2408 378 2478 demum
430 2407 487 2477 inc
510 2406 722 2502 judiciorum
744 2425 940 2480 vestrorum
956 2409 1065 2508 aequi·

120 2522 194 2578 tate
216 2504 446 2606 perterritus,
472 2503 555 2575 inde
584 2505 777 2576 amicorum
801 2505 975 2598 consiliis,
1003 2509 1065 2620 qui

122 2631 222 2706 spem
250 2602 493 2704 impunitatis,
522 2603 552 2673 si
573 2603 733 2696 adesset,
752 2601 977 2704 injiciebant,
996 2633 1066 2676 vrc-

122 2719 179 2776 tus
209 2717 246 2773 et
264 2699 435 2800 impulsus
453 2701 492 2772 in
513 2699 603 2773 hanc
621 2701 746 2800 urbem
768 2701 924 2775 redierit.

172 2801 389 2896 Quanqubm
403 2799 544 2889 videte,
563 2826 700 2900 quaeso,
719 2801 760 2870 P.
785 2803 826 2872 C.
841 2851 852 2892 ,
870 2817 910 2871 ut
934 2799 1011 2899 ipsa
1029 2829 1066 2872 se
1112 2833 1257 2878 omnum.

10 2963 11 2975 ,
123 2894 243 3009 prodit
255 2893 479 3004 improbitas,
494 2911 531 2966 et
547 2923 584 2966 ιιι
597 2914 736 2996 paratos
751 2897 894 3010 laqueos
909 2897 999 2969 ultrb
1016 2897 1067 2968 ir·
1079 2897 1242 2944 ⁸⁰¹²1³d⁰¹¹¹¹¹⁸·

124 3009 201 3066 ruit
216 3044 227 3082 ,
244 3007 280 3062 et
291 2989 361 3061 luci
375 3044 385 3083 ,
399 3019 506 3093 quem
519 2993 738 3086 obduxerat,
757 2995 944 3096 impatiens
957 3048 968 3088 ,
989 2995 1068 3065 talis

124 3089 347 3192 postmodum
364 3089 477 3190 qualis
494 3107 567 3183 est,
588 3091 702 3164 videri
718 3107 825 3162 amat.
841 3093 950 3166 Venit
969 3091 1068 3182 Piso,

127 3206 169 3262 ut
187 3185 364 3286 objectum
384 3184 449 3256 sibi
468 3188 600 3258 crimen
619 3187 796 3278 dilueret,
816 3205 857 3258 ut
872 3187 1072 3258 ostenderet

129 3285 277 3376 nullam,
287 3280 452 3356 habuisse
467 3311 502 3354 se
518 3285 557 3355 in
567 3285 768 3354 Germanioi
788 3301 900 3356 morte
912 3301 1069 3383 partem3

129 3401 251 3456 tamen
275 3383 359 3454 dirm
385 3397 537 3452 moerent
567 3406 709 3471 omnes,
744 3380 829 3450 dum
855 3381 946 3479 jacet
975 3385 1072 3455 senio
1094 3463 1101 3476 ι

12 3479 13 3484 ¹
132 3479 288 3552 confecta
303 3497 377 3551 tota
394 3477 540 3570 civitas,
562 3475 647 3547 dum
668 3477 802 3550 luctum
818 3505 857 3549 ac
871 3479 1074 3552 moestitiam

135 3607 151 3649 s
176 3579 270 3649 irunt
296 3577 437 3668 omnia,
458 3575 530 3647 sola
549 3575 682 3646 Pisonis
706 3576 828 3646 domus
845 3577 942 3648 luctu
958 3595 1071 3650 vacat.

137 3605 319 3746 §incedite
335 3674 515 3748 enimvcrb
524 3726 535 3766 ,
548 3673 588 3743 P.
610 3671 676 3765 C.,
693 3673 826 3744 Pisonis
849 3675 887 3746 in
906 3675 1072 3768 domum3

13 3771 18 3982 Ι
136 3771 224 3873 quid
238 3771 293 3844 hic
314 3799 477 3872 pompam
496 3771 709 3846 lectissimam
719 3823 734 3857 ,
747 3768 922 3844 celebrem
947 3773 1075 3847 triurn-

13 4027 19 4258 l

824 3869 907 3940 Ra
