2766 4412
3 3513 4 3518 ,
108 3485 262 3544 sequentium.

306 190 379 267 fflo
554 212 979 270 uurronrcu

306 317 337 388 si
357 313 424 390 fuit
440 340 599 413 unquam
617 330 756 415 tempus
772 313 912 406 ullum,
929 319 1010 386 edm
1031 313 1098 386 tibi
1115 315 1247 388 tradita

304 429 477 520 pptestate
494 413 540 488 ad
553 413 721 485 mendam
738 411 810 483 Dei
829 439 971 486 causam
989 412 1044 485 uti
1064 414 1244 513 oportuit,

304 537 399 586 nunc
419 506 571 608 profeotd
596 527 671 602 est,
694 515 774 582 cum
792 509 992 582 incredibili
1013 509 1119 583 totins
1140 512 1259 611 poene·

304 607 425 706 populi
449 605 614 708 sustiagio
644 625 751 710 atque
774 610 985 708 impietate,
1009 607 1138 681 divinae
1158 607 1246 710 legis

303 704 470 874 map'estas
491 723 599 807 atque
620 708 818 780 reverentia
840 715 1038 818 contempta
1058 723 1124 778 est.
1228 704 1231 720 ‘

380 803 423 874 ed
440 804 528 902 quid
546 829 609 904 ego
624 804 831 880 insanientis
850 803 1087 881 multitudinis
1111 801 1247 878 fluores

236 955 238 962 ,
302 915 513 993 retractem,
527 928 614 1002 quos
627 901 697 974 tuis
708 901 784 1014 ipse
801 903 934 994 oculis,
952 931 1025 976 non
1040 899 1115 972 sine
1133 901 1247 972 incre-

185 1081 187 1086 ,
301 995 403 1068 dibili
419 998 536 1072 dolore
544 1051 556 1090 ,
576 999 806 1100 conspexisti?
823 999 1045 1090 Meministi,
1059 1015 1101 1069 ut
1116 995 1246 1069 oblitus

303 1096 357 1168 sui
374 1121 415 1166 ac
430 1095 502 1168 Dei
514 1092 705 1176 conflatum
720 1126 763 1170 ex
780 1125 866 1186 auro
881 1098 1034 1182 sinuum
1045 1094 1246 1168 invocavit?

301 1209 343 1263 ut
359 1219 440 1296 opes
464 1193 546 1264 suas
563 1221 736 1300 gazasque
758 1211 795 1266 et
814 1223 955 1266 omnem
971 1194 1160 1292 pretiosam
1181 1218 1245 1262 su·

301 1288 511 1388 pellectilem
524 1291 561 1361 in
574 1291 760 1366 scelestum
777 1319 863 1394 opus
885 1291 1062 1406 erogavit?
1075 1287 1246 1382 Sensisti,

301 1403 344 1458 ut
368 1388 414 1458 ad
432 1386 686 1502 increpationes
711 1407 791 1462 tuas
816 1389 974 1462 indocihs
997 1417 1037 1460 ac
1058 1388 1168 1461 durus
1185 1386 1248 1460 vix

302 1509 397 1558 acne
413 1485 474 1558 vix
486 1487 631 1590 quidem
642 1488 688 1560 ab
704 1489 852 1562 immani
872 1487 1001 1560 scelere
1012 1483 1247 1584 temperavit}

299 1583 452 1672 Interim
465 1647 467 1650 .
472 1582 604 1682 jacebit
619 1613 800 1660 sacrarum
815 1583 1038 1666 Tabularum
1047 1584 1100 1656 ris
1112 1599 1149 1656 et
1166 1609 1247 1654 auc·

301 1679 443 1772 coritae
471 1682 611 1754 nullum
632 1684 678 1754 ad
690 1684 916 1756 coercendam
932 1682 1054 1782 populi
1065 1681 1247 1752 levitatem

235 1821 238 1826 ·
300 1792 409 1876 atque
432 1779 615 1853 audaciam
633 1779 781 1852 habebit
796 1780 932 1878 pondus
952 1779 1125 1851 inculcata
1141 1777 1246 1850 toties
1278 1807 1281 1817 ¹

146 1888 290 1934 noceam
300 1873 493 1948 cervicibus
508 1877 604 1948 duris
621 1877 679 1952 lex
695 1876 779 1948 illut
796 1878 1015 1988 Nousacies
1028 1876 1101 1948 tibi
1114 1873 1244 1976 sculpa-

110 1951 401 2082 ssttffioa,
431 1991 477 2046 ut
501 1973 640 2046 adores
662 1973 774 2048 suaa
809 1972 911 2047 uisu
940 1972 997 2050 uc
1031 1972 1243 2072 osanna,

111 2095 175 2130 Μ·
299 2069 389 2144 nihil
405 2071 634 2170 ambiguum,
658 2070 749 2144 nihil
768 2072 957 2151 verborum
973 2069 1121 2171 caligine
1133 2068 1246 2143 'obvo-

295 2166 415 2243 tutum
432 2197 443 2260 3
461 2184 584 2272 patent
608 2169 740 2242 omnia.
758 2169 893 2242 Lucem
915 2167 1007 2240 banc
1028 2195 1099 2243 non
1119 2165 1246 2251 obscu-

297 2264 391 2340 rabit
406 2265 554 2365 populus
565 2263 737 2360 infidelis,
754 2283 817 2338 aut
827 2266 937 2338 robur
947 2264 1037 2339 illud
1049 2266 1120 2337 Dei
1131 2265 1243 2366 ipsius

298 2365 507 2436 auctoritate
527 2363 772 2436 confirmatum
793 2359 974 2464 infringet.
998 2362 1127 2464 Neque
1145 2362 1242 2437 enim

297 2460 355 2532 htc
366 2462 471 2532 recito
487 2462 680 2544 Decretum
695 2459 853 2534 hmnand
868 2488 951 2534 voce
963 2459 1160 2558 prolatum,
1180 2459 1244 2535 sed

299 2559 531 2631 sacratissimo
553 2561 661 2658 ipsius
682 2559 754 2651 Dei
780 2557 933 2631 Oraculo
952 2556 1151 2628 sancitum:
1170 2584 1244 2646 non
1294 2619 1301 2632 .

297 2655 413 2753 legem
432 2655 503 2728 levi
519 2653 705 2766 fragilique
720 2655 854 2726 calamo
867 2668 1064 2744 exaratam,
1084 2654 1146 2724 sed
1163 2681 1240 2724 om·
1323 2738 1326 2748 Ι

296 2751 487 2849 nipoteutis
498 2752 570 2825 Dei
581 2753 691 2854 digrto
706 2749 883 2824 altissimis
898 2747 1158 2823 characteribus
1170 2750 1241 2822 im-

178 2837 184 2852 ’
261 2927 262 2932 1
297 2875 484 2950 pressam:
507 2877 577 2920 non
603 2847 763 2950 regulam
788 2875 954 2939 morum,
975 2875 1056 2960 quae
1077 2848 1242 2922 varietati

234 2975 235 2979 ¹
297 2964 497 3046 temporum
509 2975 549 3018 ac
563 2945 790 3028 mutabilitati
805 2945 955 3019 obnoxia
967 2963 1037 3038 sut,
1057 2946 1120 3018 sed
1131 2973 1242 3047 quam

246 3102 249 3110 ,
297 3044 499 3116 mortalium
512 3046 637 3116 animis
650 3061 778 3116 natura
794 3043 889 3144 ipsa,
904 3060 966 3115 aut
974 3044 1089 3143 potius
1104 3061 1242 3116 naturas

296 3159 420 3221 auctor
439 3143 539 3213 Deus
555 3142 770 3242 perennibus
788 3141 879 3214 notis
894 3141 1083 3241 inscripsit.

275 3313 277 3316 .
347 3241 454 3332 Qubd
485 3239 515 3310 si
543 3238 635 3312 hanc
656 3241 785 3312 divinae
807 3241 895 3341 legis
916 3233 1159 3312 infractionem
1187 3238 1238 3308 si-

107 3353 155 3429 τις
167 3337 388 3416 tanqua-veris
411 3337 646 3437 impunitam,
702 3339 764 3410 uid
787 3338 855 3410 erit
876 3337 1063 3436 deinceps,
1084 3333 1240 3428 amabo,

108 3421 370 3506 ¹¹⁸¹⁰¹¹²¹¹¹C⁰¹tarn
408 3453 568 3506 sanctum
600 3365 701 3538 quod
732 3435 891 3509 bumana
924 3433 1132 3534 perversitas
1167 3459 1240 3506 nou

296 3533 428 3605 violet?
467 3541 538 3636 qud
573 3561 643 3604 non
685 3549 889 3644 prorumpet
923 3530 1041 3631 populi
1086 3527 1241 3604 infidelis

297 3657 340 3700 au
346 3631 443 3701 dacia
457 3631 471 3701 l
490 3658 597 3730 quem
611 3626 754 3728 flagitiis
770 3647 807 3701 et
822 3628 995 3728 nnpietati
1006 3655 1077 3700 suar
1092 3629 1238 3700 modum

294 3754 371 3804 esse
399 3727 579 3834 patieturl
603 3726 727 3803 Credis
754 3727 864 3806 ullam
885 3723 961 3814 lore
980 3725 1102 3832 populi
1129 3725 1240 3827 hujus
