2760 4416
321 214 391 284 502
586 229 997 281 enaroarce

320 331 434 404 litium
441 319 1265 440 gravemconquerorautinfrnctuosam.Paucis
1287 367 1291 379 r

321 428 360 502 in
378 429 471 500 diem
481 426 615 500 assibus
626 453 780 499 ammam
789 443 826 500 et
836 453 958 526 corpus
968 427 1133 500 aestiman'
1139 425 1262 512 ,levia
1298 493 1300 500 .

323 525 487 598 suntlnec
497 524 806 624 patriamamanti.
819 523 978 596 Vulnera
986 575 998 614 ‚
1013 523 1102 596 dura
1109 523 1233 622 hyems
1245 576 1261 616 ,

322 622 484 696 exercitae
498 639 655 713 restores,
675 621 808 712 bellurn
820 638 936 713 atrox,
953 637 1017 695 aut
1053 647 1097 692 ax
1109 621 1260 712 sterilis,

323 719 456 792 desidia
479 737 516 794 et
535 721 605 792 otio
625 719 781 793 molliore
797 719 886 792 mihi
901 647 1107 817 jucundora
1122 745 1263 818 semper

321 815 489 908 l'uerunt3
518 845 633 919 neque
657 817 733 892 lraec
758 817 932 918 operosius
956 817 1262 888 commemoranda

265 941 268 949 ⁴
321 905 395 1011 jam
419 914 629 1008 arbitrarer,
654 932 717 988 unt
733 945 796 1016 pro
812 915 1007 988 innumeris
1025 913 1201 986 laboribus
1218 940 1262 984 ac

320 1013 485 1086 aerumnis
502 1014 701 1086 mercedem
723 1013 835 1088 ullam
856 1017 878 1085 a
898 1011 997 1086 vobis
1017 1011 1258 1113 postularem,
1307 1081 1311 1090 ,

321 1110 389 1182 nisi
403 1107 559 1184 debitam
571 1109 659 1182 mihi
672 1164 683 1204 ,
707 1127 744 1182 et
759 1139 800 1184 co
812 1115 950 1182 tantdm
965 1111 1105 1182 nomine
1121 1111 1262 1182 adeun-

320 1207 404 1279 dum
427 1207 659 1280 hereditatem
676 1207 922 1309 consanguinei
938 1208 1011 1280 mei
1026 1208 1259 1308 denegarent.

367 1306 536 1398 Utinam,
550 1308 573 1380 J
575 1307 710 1399 udices,
724 1334 806 1420 opes
818 1305 888 1378 illae
901 1357 913 1398 ‚
932 1305 975 1376 de
993 1305 1122 1406 quibus
1136 1331 1258 1404 capes-

318 1403 440 1475 cendis
464 1405 559 1478 inrer
586 1433 653 1478 nos
677 1404 782 1484 hodie
810 1419 990 1494 certatur,
1019 1402 1071 1475 rei
1096 1401 1186 1474 bene
1215 1429 1259 1474 ac

318 1495 466 1574 feliciter
481 1531 544 1603 pro
564 1503 678 1603 patrid
692 1504 750 1576 vel
789 1519 895 1593 estae,
915 1500 974 1573 vel
988 1501 1149 1601 gerendae
1161 1527 1256 1599 prae-

319 1600 431 1671 mium
440 1628 502 1701 pro
546 1601 734 1675 necentur!
788 1595 1259 1673 abereminrectefactorum

318 1699 503 1770 conscient'
543 1752 556 1790 ,
579 1715 617 1772 et
639 1699 763 1772 vestris
786 1698 943 1770 omnium
968 1695 1013 1768 de
1038 1722 1095 1768 me
1117 1693 1259 1794 judiciis

317 1809 450 1864 certam
468 1813 506 1866 et
524 1791 749 1868 inficiendum
765 1793 899 1868 nemini
923 1791 1125 1866 hereditatis
1149 1819 1259 1905 repe-
1315 1824 1321 1838 ¹

316 1889 433 1962 tendoe
448 1893 643 1986 rationem3
669 1909 757 1985 aut,
780 1893 809 1966 si
824 1893 944 1965 deesse
956 1891 1054 1961 nobis
1070 1890 1260 2004 quidpiam

316 1987 363 2059 ed
384 2016 506 2060 veram
550 2017 802 2088 ermanamque
818 1989 960 2058 laudem
983 1986 1096 2058 viden
1111 2004 1258 2084 posset,

314 2085 510 2156 mercedem
526 2019 624 2159 illam
647 2112 737 2156 novo
760 2083 841 2184 jure
864 2085 1027 2184 novdque
1051 2081 1186 2183 glorid,
1217 2102 1257 2156 et

311 2205 369 2249 me
378 2181 494 2345 ipsum
503 2197 540 2254 et
547 2181 699 2282 patriam
708 2179 1260 2351 celebranffiromererefflos-

312 2291 386 2348 tem
409 2275 851 2377 crire,agitarepraesidia,
959 2295 1116 2350 metuere
1126 2295 1258 2377 praeter

312 2389 454 2473 turpem
466 2371 616 2466 famem3
630 2374 731 2448 humi
742 2375 943 2475 quiescere,
956 2375 1080 2448 eodem
1096 2391 1255 2475 tempore

312 2487 351 2542 et
361 2471 516 2569 inopiam
532 2488 569 2544 et
583 2469 740 2544 laborem
753 2469 906 2573 perferre
919 2473 1100 2586 dpneritid
1110 2473 1255 2546 edoctus

226 2625 262 2659 ‚4
312 2595 417 2659 sum,
437 2585 473 2638 et
488 2568 622 2668 petiens
640 2571 753 2671 operis
772 2597 813 2642 ac
827 2569 1016 2668 disciplrm
1033 2569 1191 2660 animus,
1207 2577 1255 2643 eo

253 2669 257 2680 ’
310 2665 473 2763 deinceps
491 2668 691 2765 generosius
706 2685 890 2768 reperetur
904 2667 951 2737 ad
965 2691 1010 2737 en
1026 2693 1106 2767 qnae
1120 2693 1254 2767 magna

311 2779 415 2851 sunt,
430 2761 531 2863 quod
545 2763 695 2837 immitis
709 2791 861 2866 quaeque
873 2763 1046 2836 tolerarit.
1071 2765 1164 2858 Quae
1180 2791 1252 2838 cae-

309 2859 378 2931 teri
388 2855 575 2934 formidare
588 2863 717 2954 solent,
731 2862 774 2934 iis
791 2860 962 2934 adeundis
978 2889 1019 2933 ac
1037 2861 1251 2934 sustinendis

185 3013 209 3036 ,,
309 2959 540 3030 assuevimus.
560 2960 663 3032 Nihil
678 2959 778 3032 nobis
795 2960 937 3032 videtur
952 2959 1105 3034 arduum
1145 2959 1251 3032 uibus

309 3057 401 3154 saepe
417 3055 603 3128 necessitas
620 3059 657 3130 in
674 3057 768 3148 loco,
786 3083 866 3162 spes
881 3055 918 3128 in
930 3057 1084 3150 virtute,
1104 2987 1197 3128 edus
1209 3057 1249 3130 in

308 3152 451 3226 rictorid
471 3153 549 3226 fuit.
580 3157 633 3228 At
658 3154 826 3254 quonism
852 3155 1113 3256 consanguineo
1130 3171 1249 3253 nostro

269 3327 271 3338 A
307 3249 470 3326 moriensi
495 3249 564 3324 fuit
586 3253 616 3326 is
644 3251 809 3344 animus,
836 3269 878 3324 ut
906 3249 1078 3326 bonorum
1104 3279 1249 3324 suorum

86 3437 88 3448 Ι
204 3424 207 3432 ,
304 3337 474 3421 heredem
489 3348 690 3424 institueret
712 3379 822 3444 eum,
844 3351 961 3451 quiin
981 3379 1049 3444 eo,
1074 3349 1168 3451 quod
1192 3377 1248 3422 se-

304 3461 406 3518 cutus
429 3465 546 3539 esset,
570 3447 711 3522 vivendi
726 3475 881 3550 genere,
898 3445 1152 3522 infelicissimus
1164 3475 1244 3520 om·
1272 3482 1276 3491 =

303 3543 404 3618 nium
425 3541 668 3642 judicaretur,
695 3547 803 3620 liceat
819 3543 934 3638 mihi,
956 3545 1119 3636 Judices,
1138 3541 1249 3620 hodie

299 3641 475 3811 primum,
489 3671 633 3744 gravem
649 3643 813 3718 militiam
824 3645 947 3744 queri,
965 3660 1002 3714 et
1018 3669 1106 3743 quas
1124 3669 1242 3716 amore

316 3741 416 3814 andis
427 3792 440 3834 ‚
468 3743 612 3854 caritate
640 3743 794 3844 patries,
821 3757 945 3818 vestrae
974 3739 1098 3816 salutis
1126 3739 1240 3818 studio

443 3895 455 3932 ⁸
