2668 4414
296 153 343 228 ὼ
557 171 967 226 susronrcae

293 275 501 367 fraudibus,
524 273 683 363 insidiis,
707 271 860 344 caedibus
878 301 914 344 se
932 301 969 345 se
986 279 1111 348 mutub
1129 297 1236 382 pete.

294 389 376 445 rent
391 426 402 464 ,
418 390 453 444 et
466 373 512 443 ad
525 398 626 445 suam
638 368 862 469 ipsi‘ruinam
872 370 1088 472 exitiumque
1096 377 1237 456 incum-

250 483 252 492 '
294 469 440 540 berenti

101 610 105 618 ,
155 599 284 662 emme.
343 571 442 666 Age,
460 583 496 638 te
513 567 630 666 ipsum
645 563 831 661 compello,
850 591 933 666 age,
953 565 1015 666 qui
1033 565 1237 665 Diogenem

108 671 178 715 ΜΟ·
271 679 273 684 '
295 691 448 756 accusas,
464 664 550 736 etin
560 655 690 761 ipsum,
705 677 767 732 tan
792 689 875 734 uam
914 669 1015 734 arum
1029 689 1239 734 sanseruen-

295 762 340 833 tis
359 761 537 832 hominem
561 757 734 858 insurgis:
792 759 885 829 icm'
915 762 946 852 i,
971 787 1112 859 quaeso,
1146 758 1238 859 quid

295 857 379 930 facit
401 857 580 928 hominem
607 871 670 926 aut
690 883 731 926 eo
755 855 900 956 dignum
922 857 1037 928 reddit
1059 855 1237 929 nominei

128 984 274 1045 ,Complexo
296 955 439 1054 opinor,
459 953 575 1025 Ratio.
597 952 696 1044 Quid
711 969 852 1024 tantum
868 953 935 1052 ipss
951 955 1128 1054 pretium,
1154 962 1239 1026 tans

297 1069 376 1124 tam
402 1079 507 1152 supra
526 1078 582 1121 res
599 1077 718 1120 omnes
735 1051 1094 1134 creatasexcellentiae
1106 1077 1238 1152 praero-

320 1150 450 1220 ativam
468 1145 654 1247 arrrogatl
677 1147 796 1218 Ratio.
818 1147 917 1238 Quid
934 1176 1016 1220 eum
1033 1149 1238 1224 discernitd

295 1177 452 1337 belluis,
476 1245 655 1356 mutisque
683 1243 865 1343 pecoribus
891 1245 1075 1355 segregati
1109 1246 1233 1318 Ratio.

296 1343 396 1434 Quid
411 1344 503 1413 inter
518 1341 677 1412 hommes
691 1343 782 1444 ipsos
793 1358 928 1412 tantam
945 1331 1053 1414 allert'
1062 1343 1138 1413 vim
1162 1344 1237 1416 dis-
1328 1411 1329 1418 ,

295 1440 472 1531 criminis,
492 1455 534 1510 ut
549 1437 609 1512 alii
626 1437 825 1510 habeantur
838 1439 877 1508 in
902 1441 1034 1538 p'retio,
1058 1439 1119 1510 alii
1148 1467 1234 1512 con·

249 1557 252 1578 ¹
296 1535 590 1634 tcmptijaceanti
604 1536 722 1604 Ratio.
737 1537 784 1605 Et
794 1552 834 1604 tu
844 1535 1001 1606 homines
1019 1537 1237 1635 appellabis,

295 1649 359 1706 aut
371 1632 479 1702 etiam
487 1627 611 1702 efferes
619 1629 824 1703 insolentius
833 1684 848 1720 ,
860 1659 1010 1731 quorum
1021 1633 1059 1702 in
1075 1635 1236 1706 moribus
1283 1661 1287 1670 ·

294 1729 354 1800 vix
376 1729 491 1800 ullum
513 1727 656 1799 rationis
676 1727 862 1827 vestigium
880 1730 1067 1828 agnoscas?
1091 1733 1153 1830 qui
1175 1760 1237 1803 ra-

182 1887 186 1906 ,
294 1826 426 1897 tionem
438 1824 736 1896 benemonentem
748 1823 1238 1900 etadsaniorainllectentem

294 1922 418 1995 audire
441 1949 511 1994 non
531 1921 749 1994 sustineant?
772 1922 835 2022 qui
850 1923 965 2020 pravis
983 1923 1238 2022 cupiditatibus

294 2019 466 2166 obsgqui,
485 2023 595 2120 quam
614 2035 718 2091 rectae
744 2021 871 2092 rationi
899 2020 1143 2121 obtemperare
1160 2051 1238 2096 ma-

293 2117 380 2188 lint.
1054 2157 1060 2170 ·

344 2216 423 2306 Da,
442 2215 489 2286 da
504 2213 594 2296 mihi
606 2214 828 2314 quempiam,
844 2215 907 2315 qui
920 2216 1109 2288 meditetur
1115 2209 1207 2290 nihil
1221 2247 1238 2311 ,·

144 2327 276 2374 convexus.
296 2312 364 2382 nisi
401 2313 471 2383 uod
488 2311 614 2382 rationi
628 2311 674 2381 sit
685 2328 983 2405 consentaneum,
1003 2315 1155 2386 stillum
1175 2344 1235 2388 re·
1275 2395 1277 2403 ¹

296 2340 437 2508 putabit
451 2399 631 2480 hominem
655 2407 845 2508 Diogenes.
875 2410 971 2485 Cedo
994 2399 1148 2511 aliquem
1171 2415 1238 2513 qui

296 2507 386 2576 nihil
402 2508 435 2577 lo
461 2521 586 2595 uatur,
612 2506 679 2576 nisi
698 2507 794 2605 quod
809 2508 897 2578 ratio
912 2508 988 2605 ipsa
1005 2509 1142 2580 dictitat
1161 2563 1173 2602 ,
1198 2528 1236 2582 et

296 2601 397 2672 illum
413 2534 505 2672 uitrb
519 2603 709 2700 volensque
723 2600 892 2672 fatebitur
903 2602 1081 2676 hominem
1098 2605 1234 2706 Dioge-

235 2734 239 2742 =
296 2725 370 2769 nes.
392 2697 542 2771 Prodest
559 2724 650 2768 unus
671 2697 797 2797 aliquis
819 2701 839 2768 ὁ
863 2703 963 2770 tanta
978 2701 1232 2795 multitudine,

297 2795 360 2895 qui
376 2793 465 2866 nihil
477 2795 652 2894 agendum
665 2793 732 2865 sibi
743 2811 861 2893 putet,
880 2797 948 2868 nisi
960 2799 1055 2898 quod
1071 2799 1117 2870 ad
1128 2817 1234 2872 rectae

296 2893 617 2979 rationisnormam
628 2917 669 2964 ac
677 2893 837 2992 regulam
848 2891 956 2966 fuerit
963 2913 1150 2988 exactum3
1169 2923 1233 2970 nec

297 2989 475 3062 dubitabit
499 2989 601 3064 illum
620 3015 805 3089 agnoscere
830 2989 1036 3087 hominem,
1061 3011 1170 3095 atque
1193 3009 1234 3066 ut

297 3087 405 3160 talem
420 3087 579 3160 venerari
595 3087 784 3186 Diogenes.

346 3187 379 3254 Ο
392 3184 421 3256 si
433 3185 619 3256 revisceret
629 3181 733 3255 hodie
747 3184 1020 3283 sapientissimus
1037 3186 1096 3259 illo
1111 3189 1232 3261 Philo-

190 3315 193 3322 *
297 3279 425 3379 sophus
440 3333 452 3372 ,
475 3299 512 3354 et
530 3280 707 3354 civitatem
723 3283 853 3373 istam,
869 3300 943 3354 tam
956 3285 1132 3382 amplam,
1159 3304 1232 3358 tam

297 3377 487 3452 confertam
509 3377 676 3450 lustraret
699 3379 996 3472 circurneursans3
1018 3385 1129 3455 credis
1140 3437 1151 3475 ,
1181 3401 1232 3454 tot

297 3476 389 3547 inter
413 3475 593 3565 homines,
618 3475 680 3574 qui
705 3502 775 3546 non
800 3479 903 3546 modb
932 3479 1118 3578 gloriosum
1137 3483 1231 3553 istud

210 3567 231 3598 ⁴
298 3571 1230 3684 mmmmmpmstmmfflmmdffimmmwh

295 3696 418 3767 gesem
442 3670 626 3742 hommum
651 3683 781 3742 sortem
811 3691 975 3774 arrogant
1002 3676 1203 3750 insolentius
1215 3728 1229 3768 ,
