2710 4418
310 179 385 256 226
575 191 1042 248 introirem·

527 301 1030 454 E'XERssITATIO.
1107 426 1120 449 ,

315 527 357 605 V
352 527 390 642 ir
407 523 560 597 Nobilis
570 577 586 610 ,
611 523 713 595 idem
738 523 875 594 Senior
896 521 956 593 ad
978 521 1147 610 Filium,
1167 521 1253 594 ticin

361 651 375 694 ι
401 649 484 695 sum
503 619 562 693 od
567 625 735 722 primam
761 618 1059 719 Expeditionem
1078 617 1256 693 bellicam

361 651 612 796 {aminonem
638 722 678 790 in
702 717 935 816 Hispaniam
958 719 1135 791 mitteret.

646 889 748 951 Locus
767 893 786 950 b
803 887 937 949 Relatis.

599 1046 959 1114 SYNOPSIS.

313 1199 434 1264 Enord.
452 1141 660 1258 Omns
680 1208 717 1254 ut
737 1195 798 1254 sibi
818 1216 872 1276 per
890 1208 1010 1256 etatem
1027 1193 1136 1256 liceret
1149 1195 1255 1258 adame

313 1281 378 1342 filio
400 1281 565 1367 comitem,
585 1297 727 1358 eumque
750 1275 899 1358 exemplis
926 1280 1025 1362 magis
1041 1281 1133 1360 quim
1153 1279 1256 1346 verbis

312 1364 447 1426 erudire.

355 1450 402 1504 2⁰.
426 1441 618 1506 Admonebit
629 1443 730 1522 ipsum
744 1442 762 1496 i
775 1437 895 1500 Relatis
909 1481 918 1518 ,
936 1455 973 1500 ut
986 1442 1161 1501 meminerit
1177 1444 1257 1522 sepi

314 1527 429 1609 quibus
448 1531 490 1585 sit
508 1539 593 1584 ortus
617 1521 806 1605 majoribus,
826 1537 857 1582 et
878 1525 970 1604 quim
992 1523 1190 1603 conspicuum
1210 1543 1260 1582 re-

314 1607 371 1668 bus
387 1605 530 1689 preclare
544 1607 636 1688 gestis
653 1625 764 1664 nomen
798 1617 879 1681 παῖς
895 1619 1061 1685 caveatque
1074 1605 1203 1685 proinde
1217 1627 1260 1665 ne

313 1691 447 1771 antiqui
469 1689 755 1769 mejomm‚virtute'
774 1627 944 1767 iegeneret.

245 1795 249 1801 ·
355 1771 404 1831 3⁰.
421 1771 473 1832 Ab
485 1769 594 1830 iisdem
611 1767 731 1828 Reletis
747 1768 828 1828 dicet
843 1789 906 1828 non
918 1765 1075 1828 defuturos
1093 1769 1152 1848 ipsi
1174 1789 1262 1830 com-

313 1851 493 1930 militones,
519 1854 574 1932 qui
596 1872 664 1910 eum
684 1849 780 1909 officii
801 1853 850 1910 sui
872 1850 1080 1926 admonean13
1100 1872 1167 1910 eam
1193 1873 1264 1911 esso

315 1933 447 1996 Gallica*
467 1931 640 1994 nobilitatis
653 1929 797 2012 leudem,
819 1946 856 1992 ut
872 1929 995 1992 nullum
1015 1933 1135 1992 inertie
1156 1930 1262 1992 locum

314 2038 380 2076 esse
396 2021 541 2098 potiatur.
783 2017 787 2026 '

354 2101 403 2182 4ῗ.
424 2099 552 2159 Jubebit
564 2111 601 2158 ut
616 2095 722 2158 oculos
736 2099 830 2158 etiem
845 2098 879 2156 in
900 2097 1016 2180 Regem
1031 2095 1193 2177 Hispaniae
1210 2111 1264 2157 to-

313 2183 378 2239 tius
393 2183 546 2241 exercitlls
560 2181 777 2262 Imperatorem
788 2181 957 2261 conjiciat3
979 2179 1052 2238 hine
1076 2175 1140 2239 fore
1158 2193 1193 2240 ut
1207 2182 1264 2238 in-

315 2260 449 2344 telligat,
474 2265 591 2343 quantb
606 2265 739 2344 quisque
751 2260 887 2322 nobilior
898 2264 956 2340 sit,
969 2264 1056 2321 tento
1068 2261 1198 2322 eundem
1208 2283 1268 2344 ge-

314 2348 504 2406 nerosiorem
519 2366 584 2404 esee
605 2359 753 2424 oportere.

357 2425 716 2506 concludetlhortando,
731 2447 771 2485 ne
791 2428 887 2508 patris
903 2428 1001 2508 ipsius
1019 2427 1194 2485 memoriam
1208 2447 1262 2486 re·

283 2526 285 2538 ·
318 2527 426 2568 vocare
440 2511 563 2590 pigeat,
578 2522 611 2569 et
630 2507 668 2576 ab
683 2512 752 2622 ipsp
767 2531 873 2590 cepere
887 2511 1011 2568 virtutis
1028 2507 1258 2568 documentum.

440 2599 451 2622 Ο
1175 2601 1183 2618 0

646 2687 922 2736 ORATIO.

288 2840 291 2848 '
318 2857 321 2865 ·
368 2835 406 2906 Si
424 2833 512 2907 mibi
534 2863 598 2936 per
619 2851 760 2908 aetatem
778 2851 816 2906 et
831 2829 994 2906 infractae
1014 2835 1188 2908 bellorum
1203 2838 1259 2908 la-

317 2931 462 3008 boribus
478 2934 570 3005 vires
586 2934 706 3008 liceret
723 2933 843 3004 adesse
860 2931 925 3004 tibi
941 2934 1073 3004 socium
1094 2962 1135 3006 ae
1149 2937 1259 3007 comi·

318 3049 416 3123 tem,
435 3031 521 3102 dom
539 3033 584 3104 ad
598 3032 889 3103 Barcinonensem
908 3031 1165 3129 expeditionem
1177 3060 1258 3130 pro-

318 3128 499 3222 ficisceris3
522 3159 593 3202 non
620 3157 684 3230 ego
711 3147 766 3217 te,
794 3126 845 3198 fili
871 3129 1073 3221 carissime,
1105 3127 1259 3200 commo-

319 3226 478 3298 nendum
508 3227 645 3320 verbis,
684 3229 746 3299 sed
776 3222 877 3298 factis
912 3226 1026 3325 potiris
1057 3227 1103 3297 ad
1131 3253 1261 3326 magna

320 3349 472 3423 quaeque
501 3327 752 3397 stimulandum
773 3324 976 3396 arbitrarer.
1004 3325 1138 3396 verim
1167 3351 1260 3423 quo-

319 3419 416 3492 niam
443 3419 578 3494 affectio
599 3423 672 3518 jam
697 3423 788 3494 male
809 3423 995 3494 senectutis
1015 3421 1258 3514 incommoda,

321 3535 358 3588 et
378 3518 586 3607 tristissimi,
611 3547 696 3616 quos
720 3520 900 3614 experior,
932 3517 1093 3616 longioris
1124 3518 1261 3590 militiae
1303 3557 1306 3564 ·

319 3614 453 3687 fructus
482 3614 719 3686 dulcissimum
752 3613 817 3684 hoc
837 3615 974 3713 parenti
995 3614 1157 3686 solatium
1188 3617 1258 3688 eri-

320 3711 449 3809 piunt,
482 3730 523 3786 ut
554 3713 645 3786 inter
675 3739 853 3784 armorum
882 3711 1054 3812 primitias
1087 3713 1260 3788 moderari
