2760 4416
12 1452 18 1460 =
108 1425 311 1506 sulpurtes,
327 1427 363 1482 et

668 119 685 156 k

142 296 145 303 λ
243 317 247 324 Ι
339 231 828 306 nrrsarrarrus.
988 213 1063 316 549

112 333 575 410 commemorationereliico
585 333 729 408 fortasse
742 335 898 409 nondum
911 333 1064 418 obducta
1132 351 1137 366 '

114 423 204 506 bene
218 435 384 528 vulnera,
402 433 530 535 quibus
543 433 678 508 mederi
690 432 826 508 veliml
846 434 1063 545 Quanqudm
1144 467 1148 482 ¹
1212 433 1215 444 ’

112 528 189 603 haec
205 531 281 631 ipsa
298 549 404 626 sunt,
429 560 508 634 quae
519 533 628 606 lenire
647 533 802 632 parentis
814 529 1065 631 aegritudinem

112 644 151 699 et
161 645 307 728 possunt
320 643 356 701 et
369 629 513 726 debent.
529 631 637 732 Viget
653 629 853 720 enimverls,
873 645 910 698 et
920 627 1066 728 longum

112 725 248 827 vigebit
280 729 376 828 apud
401 755 521 802 ornnes
571 727 746 800 ratissima
773 725 913 826 juvenis
941 720 1067 838 optimi

113 823 299 896 memoria.
331 826 407 898 lma
429 852 499 901 non
523 756 638 900 aierit
653 825 792 925 penitds
810 825 856 896 ab
879 823 1066 896 hommum

113 920 312 1014 consortio,
342 950 454 1024 quem
488 924 682 998 multorum
710 919 875 996 laudibus
896 917 1068 994 celebrari

111 1013 311 1090 identidem
332 1022 475 1114 audies,
501 1039 538 1096 et
555 1039 727 1124 tanquam
737 1019 935 1093 absolutum
947 1017 1064 1119 quod-

113 1113 199 1186 dam
217 1117 331 1187 aetatis
358 1117 452 1191 illius
471 1121 596 1221 primae
621 1118 800 1220 exemplar
818 1115 966 1220 requiri.
986 1117 1068 1208 Hae

115 1211 155 1284 in
178 1215 384 1314 speculum,
402 1244 449 1289 ne
477 1217 621 1310 dubita,
648 1217 834 1330 diligenter
849 1218 1033 1289 intuentur
1050 1265 1065 1304 ,

3 1365 5 1386 ÷
109 1335 198 1412 quos
211 1310 322 1384 habes
341 1315 548 1482 superstites
558 1311 661 1388 filios.
674 1316 751 1388 llhc
765 1315 947 1416 perlegerit
959 1307 1064 1383 officii

157 1409 165 1422 '
412 1427 542 1485 aternae
555 1414 696 1486 virtutis
710 1413 930 1488 aemulatures
945 1408 1063 1498 avidi,

111 1530 222 1604 quem
235 1511 397 1606 ereptum
409 1509 475 1581 tibi
487 1511 664 1584 desideras
678 1564 689 1601 ‚
709 1511 818 1584 etiam
835 1539 915 1584 cum
927 1505 1064 1582 foenore

109 1602 310 1675 restituent.
324 1605 412 1678 Haec
429 1623 465 1680 te
479 1607 494 1679 s
520 1635 557 1680 es
567 1609 710 1680 interim
724 1626 923 1702 sustentet,
938 1623 976 1679 et
987 1603 1064 1706 pias

3 1755 5 1770 .
107 1700 265 1800 parentis
279 1701 454 1804 lacrymas
470 1637 661 1808 alstergat.
677 1707 783 1782 Vale.

907 1861 1042 1876 ηὼς*

343 2046 441 2117 ΑΙ)
484 2049 520 2120 Α
545 2051 588 2120 Μ
613 2051 631 2119 I
655 2050 686 2120 C
711 2051 750 2120 U
775 2053 831 2120 M.

101 2293 105 2300 .
156 2205 424 2295 Rufamne,
441 2193 517 2322 inre)
532 2210 677 2282 nullam
700 2210 812 2310 apud
828 2209 999 2283 homines

450 2310 724 2379 sinceritatem.

106 2423 241 2570 Uar,
259 2478 322 2550 ubi
339 2505 462 2550 sumus
474 2531 483 2562 ‚
496 2477 648 2552 Amice?
665 2475 878 2624 ‹puibuscum
886 2471 1063 2550 vivimus?
1092 2545 1094 2549 .

104 2582 177 2678 qud
195 2577 339 2648 demum
363 2571 454 2676 fugit
473 2575 683 2688 sinceritas.
704 2579 774 2676 qul)
785 2574 919 2646 ‘veritas
937 2572 1061 2644 exula-

6 2673 7 2698 ¹
104 2671 184 2748 viti
202 2673 362 2746 Huccine
373 2673 538 2746 recidisse
549 2694 605 2745 res
618 2672 793 2745 humanas
809 2724 820 2762 ,
838 2688 881 2743 ut
896 2668 1064 2764 fallacia,

103 2771 325 2872 praestigiae,
359 2771 460 2842 dolus
476 2759 623 2876 ¹ubique
655 2770 912 2861 dominentur3
943 2794 1064 2870 neque

102 2867 220 2946 ullum
248 2867 552 2967 deincepssinant
572 2897 648 2940 esse
664 2863 894 2964 ‘simplicitati
916 2863 1065 2936 locum?

102 2963 283 3066 Equidem
293 2991 461 3036 noveram
475 2965 559 3036 satis
571 3015 583 3056 ,
598 2965 670 3034 n'on
682 2989 758 3034 esse
771 2959 957 3060 hominum
971 2989 1063 3064 quo·

8 3115 9 3120 1
103 3061 275 3138 rumlibet
291 3062 479 3133 candorem
496 3061 597 3132 illum
612 3061 777 3162 ingenuae
790 3059 942 3150 mentis,
955 3086 1065 3159 quem

102 3159 281 3262 requir03'
291 3159 362 3230 imd
375 3159 464 3230 milri
476 3186 546 3231 non
558 3157 694 3230 latebat
712 3156 883 3257 quosdam
899 3183 975 3227 esse
988 3173 1064 3232 tera-

102 3285 227 3330 rarum
247 3273 378 3328 tractus
402 3274 477 3329 tam
495 3284 635 3330 aversos
655 3259 677 3326 d
694 3281 805 3346 ver0,
833 3270 874 3326 ut
897 3281 941 3326 ne
958 3255 1066 3327 vesti·

106 3356 205 3467 gium
251 3355 371 3426 uidem
389 3354 598 3428 sinceritatis
614 3351 754 3452 uspiam
768 3351 939 3452 reperias.
960 3354 1012 3424 At
1026 3351 1066 3425 in

105 3453 264 3526 rstdcoe'
284 3453 434 3552 purioris
458 3451 515 3553 pla
542 3455 589 3543 d}
616 3452 709 3523 inter
726 3465 837 3524 coetus
851 3449 1069 3539 illos-humi«

46 3579 49 3584 ·
103 3567 216 3642 num,
235 3579 388 3651 quorum
407 3551 444 3623 in
469 3479 572 3624 vuitu
589 3550 729 3621 nativus
752 3549 872 3648 lepos,
891 3548 930 3619 in
943 3547 1065 3620 verbis

104 3648 212 3728 cumis
229 3647 432 3740 urbanitas,
459 3647 498 3720 in
513 3648 590 3748 ipsi
614 3647 758 3721 vivendi
774 3645 974 3746 agendique
1000 3672 1065 3716 ra-

106 3743 204 3821 tione
221 3742 367 3822 licilitar
382 3747 546 3850 quaedam
563 3772 757 3847 expersque
773 3741 845 3820 fuci
857 3743 987 3822 candor
998 3769 1071 3845 ap-
