2668 4414
314 217 845 304 muniremus.
1007 219 1053 296 77

103 319 298 391 inimicum
315 317 373 388 sic
384 312 519 385 ulcisci
533 309 680 399 voluit,
698 333 740 387 ut
751 319 833 416 ipse
845 315 921 388 sibi
936 343 1042 420 repe-

101 417 244 487 uretur
256 415 444 482 inimicus.
1013 433 1015 450 ¹
1039 433 1044 446 ·

145 509 240 580 Ibid.
264 510 436 581 Divitias
460 511 542 580 sine
569 507 725 582 divitum
746 536 859 598 esse5
884 530 924 584 tu
949 516 1041 606 veit)

99 607 429 707 virtutempnefhr
440 605 582 678 dusiis
589 635 606 694 ,⁸
625 634 713 677 nam
725 610 760 678 si
772 603 1040 684 volesdiviiias

100 731 184 775 cum
196 709 341 776 uirtute
354 729 595 804 comparum,
612 707 685 776 uix
702 708 797 776 sotis
809 705 954 778 idoneos
969 708 1040 779 tibi
1155 757 1156 763 κ

100 801 243 874 divitioe
259 799 520 887 videbuntur,'
534 825 618 900 quoe
637 803 1039 906 virtutispedissequoe

101 904 186 972 siut.
1035 931 1037 938 ·

147 998 203 1067 Ex
220 997 344 1068 eodem
360 1021 488 1095 genere
505 995 737 1066 exornationis
750 1013 824 1088 est,
844 1003 925 1068 ciun
942 999 1038 1071 idem
1095 1063 1097 1068 .

101 1093 247 1164 verbum
268 1094 307 1163 in
331 1091 468 1164 diversi
494 1089 741 1192 significatione
788 1094 917 1165 onitur.
941 1097 1033 1168 Ibid.
1067 1125 1070 1132 ·

99 1218 135 1261 n.
155 1216 211 1282 19.
235 1190 314 1262 Cur
325 1217 411 1262 eum
422 1217 500 1261 rem
514 1193 592 1262 tom
613 1121 786 1262 studiosi
800 1217 931 1284 curas,
951 1219 1036 1296 quoe

100 1285 236 1359 multas
248 1286 321 1360 tibi
337 1286 605 1359 dabitcuras?
848 1351 854 1365 .
1014 1299 1016 1306 '

144 1387 248 1455 Item.
263 1387 398 1456 Aman'
407 1385 620 1484 jucundum
635 1403 716 1470 est,
738 1387 773 1456 si
789 1405 959 1476 curetur,
986 1413 1036 1458 ne

99 1481 197 1582 quid
208 1487 301 1554 insit
309 1487 432 1553 amati
437 1537 445 1552 .
679 1505 684 1510 ·

139 1578 407 1678 Conduplicatio
425 1596 479 1650 est
499 1579 651 1678 Figura,
677 1581 748 1678 qui
770 1577 866 1648 idem
883 1579 1032 1652 verbum

97 1676 321 1775 geminatur,
345 1691 388 1747 ut
417 1675 623 1749 Catilinam
641 1703 674 1746 1.
697 1704 734 1746 n.
762 1680 800 1764 4.
839 1677 963 1765 Vivis,
993 1697 1035 1750 et

94 1777 190 1846 vivis
199 1801 273 1846 non
287 1773 347 1845 od
353 1773 614 1877 deponendam
620 1825 632 1864 ,
652 1772 727 1845 sed
739 1770 1029 1872 confirmandam

94 1870 329 1943 audaciam?
524 1949 525 1953 ,

140 1969 323 2040 Interdum
341 1967 449 2040 verba
464 1983 672 2081 repetuntur
687 1967 725 2037 in
737 1964 806 2038 fine
823 1971 1026 2063 sententies,

92 2091 172 2166 quae
189 2066 300 2164 posita
316 2063 457 2138 fuerant
472 2066 583 2136 imtio.
601 2066 669 2136 Pro
680 2065 798 2136 Sextio
811 2093 848 2136 n.
867 2057 902 2136 6.
918 2069 1026 2140 Ade-
1083 2064 1088 2075 ’

92 2168 162 2235 mit
171 2163 312 2245 Albino
324 2167 445 2236 soceri
459 2187 591 2236 nomen
607 2161 834 2262 mors-filiai,-
853 2163 929 2236 sed
939 2166 1028 2237 cluz-

90 2265 241 2332 ritotem
265 2261 370 2336 illius
384 2314 400 2347 ‚
428 2261 717 2334 necessitudinis
746 2279 787 2332 et
807 2260 1028 2335 benevolen-

90 2361 183 2429 tiam
198 2385 273 2430 non
287 2357 442 2431 ademit.
1011 2375 1015 2384 “

135 2457 227 2526 Item
236 2483 299 2554 pro
312 2457 479 2528 Marcello
496 2485 533 2526 n.
558 2481 615 2553 17.
639 2454 814 2528 Vidimus
831 2473 934 2525 tuam
949 2459 1027 2528 uic·

90 2557 223 2624 toriam
240 2553 461 2654 proeliorum
486 2557 598 2625 exitu
632 2555 869 2623 terminatam
895 2583 907 2622 .·
935 2550 1025 2652 glo·

89 2651 192 2722 dium
204 2651 397 2752 uagiudin
412 2651 676 2724 urbeoacuum
693 2667 766 2721 non
783 2649 961 2722 uidimus.

130 2743 224 2819 'Item
239 2776 301 2847 pro
319 2749 455 2822 Milone
470 2779 506 2821 11.
520 2751 583 2846 95.
604 2745 797 2860 Philippica
811 2776 846 2818 2.
867 2775 903 2818 n.
929 2749 989 2819 88.

133 2845 305 2918 Gradatio
318 2875 380 2917 seu
395 2849 678 2936 lucrementum,
698 2872 770 2916 sive
788 2843 927 2916 Climax
941 2897 952 2935 ,
969 2863 1023 2918 est

87 2942 242 3054 Figura,
260 2943 299 3016 in
312 2947 384 3043 qui
396 2945 518 3016 Oratio
530 2971 593 3044 per
610 2960 719 3015 certos
732 2944 872 3015 Gradus
890 2945 935 3014 ad
958 2944 1021 3013 ali-

86 3041 170 3138 qmd
195 3067 375 3114 summum
394 3059 430 3114 et
446 3043 612 3114 ultimum
627 3041 739 3138 veluti
764 3035 937 3126 ascendit,
959 3043 1021 3109 'aut

84 3137 129 3206 ad
146 3137 285 3236 aliquid
306 3136 467 3210 infimum
489 3138 680 3210 descendit.
718 3137 772 3206 Ita
798 3163 860 3230 pro
896 3126 1021 3206 Roscio

82 3236 256 3306 Amen'no
271 3263 309 3304 n.
327 3237 387 3332 75.
409 3241 455 3308 Iu
472 3237 564 3308 urbe
584 3234 758 3307 luxuries
774 3247 925 3301 creauit·
928 3285 943 3318 ‚
965 3259 1019 3304 ex

82 3329 245 3404 luxutid
257 3326 404 3406 ediscat
413 3337 577 3405 avaritia
590 3353 744 3402 necesse
760 3346 839 3414 est,
860 3353 914 3399 ex
931 3357 1020 3404 ava«

80 3431 172 3501 ritid
180 3450 358 3532 erumpat
365 3432 534 3504 audacia
540 3481 556 3514 ,
572 3427 663 3516 inde
679 3429 803 3498 omniu
814 3426 959 3500 scelera
970 3454 1018 3498 oc

78 3521 498 3717 maleficiaffgnuntur.

124 3627 172 3696 Et
186 3652 250 3723 pro
304 3627 415 3698 uintio
427 3656 464 3698 n.
478 3628 526 3722 95
530 3679 544 3710 .,
555 3628 743 3697 Miserum
753 3642 812 3696 est
819 3621 1018 3695 exturbari

65 3722 234 3816 fcinunis
245 3723 419 3802 omnibus
425 3777 440 3812 ,
454 3727 626 3804 ou'sen‘us
642 3741 719 3810 est,
735 3720 879 3822 iajwid
891 3753 902 3792 :
912 3747 1016 3794 acen
