2710 4418
302 193 369 266 mo
561 185 976 236 nnnn0n1cn

343 287 422 359 Hoc
440 303 586 386 prestat
604 286 741 388 egregii
760 283 900 358 Tullius
930 283 969 356 in
990 283 1159 358 Oratione
1173 311 1239 386 pro

293 388 493 475 Minaeni,
531 383 593 457 ubi
628 401 750 456 nactus
784 381 1026 454 adversarium
1065 381 1236 458 Catonem

293 482 547 584 Philosophum
571 482 747 572 Stoicum,
775 479 893 550 virum
909 479 1029 580 magni
1044 481 1234 582 pondetis„

293 607 402 683 quem
430 581 583 680 piobitos
616 605 679 650 sua
707 593 814 688 atque
835 577 1023 648 auctoritas
1050 575 1235 678 tegebant,

292 707 369 752 rem
386 679 437 748 iti
456 675 613 778 perficit,
627 691 669 747 nt
692 699 817 745 om1sso
839 673 951 754 voluti
966 674 1124 768 Catone,
1143 675 1236 748 St'oi—

292 804 370 848 cam
389 773 670 872 Philosophiam,
688 797 797 872 quam
814 771 874 842 ille
897 771 1118 864 sectabatur,
1139 773 1235 846 vitu·

210 877 213 884 '
291 889 392 974 peret
409 871 574 944 audacius
590 873 698 970 atque
717 867 968 968 reprehendat.
991 898 1029 940 n.
1055 871 1112 966 16.
1143 871 1241 946 Fuit

291 971 449 1072 quidam
468 995 609 1041 summo
629 970 780 1068 ingenio
806 969 870 1038 vir
886 969 1020 1060 Zeno,
1051 969 1161 1068 cujus
1181 973 1238 1041 in·
1270 1001 1276 1010 ·

294 1051 478 1142 ventorum
514 1065 641 1138 umuli
669 1065 787 1137 Stoici
818 1067 1067 1138 nominantur.
1104 1065 1237 1184 Hujus
1274 1106 1277 1114 ·

289 1167 590 1238 sententiosum
608 1165 839 1263 grauissimo·
859 1180 901 1234 et
910 1181 1107 1266 precepta
1129 1190 1236 1264 ejus-

289 1259 404 1334 modi.
437 1262 656 1362 Sapientem
678 1259 812 1360 gratid
838 1285 1029 1362 nunquam
1066 1267 1207 1335 moveri
1218 1314 1232 1354 ,

289 1385 480 1460 nunquam
505 1359 729 1459 cujusqmim
750 1355 891 1430 delicto
917 1361 1112 1457 ignoscere
1122 1389 1139 1448 ,-
1166 1385 1234 1432 ne*

289 1460 427 1528 minem
457 1455 736 1528 misericordem
770 1481 876 1547 esse,
909 1459 986 1527 nisi
1014 1455 1169 1530 stultum
1196 1473 1237 1530 et

289 1553 408 1627 levem
430 1584 442 1624 .·
464 1557 540 1624 viri
553 1581 627 1626 non
648 1579 751 1644 esse,
777 1579 901 1654 neque
917 1557 1074 1626 exorari
1080 1605 1091 1645 ,
1111 1580 1236 1670 neque

277 1649 458 1752 placari3
483 1649 583 1724 solos
609 1655 801 1754 sapientes
824 1677 934 1740 esse,
958 1656 993 1722 si
1016 1651 1235 1724 distortissi-

287 1749 341 1818 mi
360 1751 438 1820 sint
454 1799 465 1837 ,
478 1749 694 1846 fomzosos5
710 1752 746 1820 si
762 1749 1056 1838 mendicissimi,
1073 1747 1209 1838 divites
1212 1779 1231 1840 ,·
1260 1801 1265 1808 -

286 1848 322 1918 si
344 1849 561 1918 servitutem
585 1849 773 1936 serviunt,
804 1847 945 1946 Reges.
974 1847 1057 1918 Nos
1080 1864 1232 1942 autem,

314 1945 355 2013 ui
366 1947 558 2044 sapientes
571 1971 644 2016 non
657 1970 784 2016 sumus
797 1996 808 2034 ,
821 1945 1033 2044 fugitiuos,
1051 1945 1209 2024 exsules
1217 1998 1231 2038 ,

287 1968 415 2112 instes
437 2043 589 2113 insanos
612 2041 778 2143 denique
803 2067 887 2114 esse
909 2040 1046 2113 dicunt
1068 2073 1083 2114 .·
1106 2045 1234 2116 omnia

174 2159 200 2192 '⁴
277 2141 458 2240 peccatu
473 2164 557 2210 esse
572 2143 693 2240 paria
704 2169 721 2228 ,·
749 2163 858 2211 omne
890 2137 1073 2212 delictum
1107 2137 1234 2214 scelus

285 2260 373 2307 esse
396 2235 612 2333 nefhrium„·
641 2262 711 2308 nec
729 2238 852 2310 minis
874 2235 1097 2339 delinquere
1121 2264 1230 2332 eum,

313 2335 355 2403 ui
391 2332 549 2406 Gallum
580 2331 867 2434 galirmceum,
900 2337 986 2408 cion
1021 2359 1114 2437 qous
1158 2361 1232 2406 non

226 2509 229 2516 ¹
273 2357 429 2527 interit,
459 2433 574 2533 qucim
599 2459 713 2522 eum,
738 2435 807 2532 qui
819 2449 974 2534 patrem
1000 2431 1228 2528 suffiocdrit5

256 2557 258 2564 ’
285 2533 496 2626 sapientem
512 2527 639 2600 nilzilo
665 2533 788 2618 inari,
806 2527 948 2599 nullius
957 2531 1226 2626 reipoenitere,

284 2621 397 2692 nulld
422 2627 462 2692 in
493 2649 535 2694 re
554 2559 681 2718 fizlii,
716 2629 941 2696 sententium
965 2641 1112 2696 murore
1138 2651 1229 2698 nun-

285 2743 411 2819 quam.
445 2717 544 2790 Hoec
574 2713 683 2792 homi>
715 2723 1035 2820 ingeniosissimus
1067 2723 1230 2798 Mamm

289 2815 383 2888 Cato
401 2815 619 2890 auctoribus
639 2817 906 2890 eruditissimis
930 2817 1108 2892 inductus
1136 2825 1230 2893 arri·

273 2917 387 3016 puit,
424 2939 473 2984 ne
498 2938 549 2985 ue
579 2913 801 3016 difflutandi
829 2917 971 3009 cousd,
1008 2935 1055 2990 ut
1088 2946 1230 3020 magna

274 3037 400 3112 pars,
422 2941 498 3088 sed
512 3016 569 3084 ita
587 3011 764 3106 vivendi,
787 3033 861 3086 etc.
883 3045 889 3056 ·

333 3111 436 3180 Hanc
470 3109 595 3182 deindo
628 3110 822 3182 docuinam
859 3112 1017 3212 exagitat
1044 3111 1228 3216 insigniter

283 3233 474 3289 more,suo
498 3208 793 3308 consequentibus
809 3209 978 3283 numeris.

314 3305 474 3403 'Species
499 3322 553 3376 est
575 3333 630 3382 res
664 3306 709 3378 ali
736 3334 783 3398 ua
811 3309 1029 3406 particuimis
1058 3333 1137 3408 quae
1158 3305 1226 3378 sub

285 3401 453 3492 Genern,
492 3405 564 3476 sive
599 3403 666 3476 sub
729 3405 926 3497 nitendi,
962 3422 1003 3478 ut
1030 3403 1226 3506 loquuntur

169 3561 173 3571 .
283 3496 506 3600 Philosophi,
532 3501 741 3574 continetur.
