2768 4410
263 147 853 260 'rlrnnnrmurn
990 163 1063 266 319

305 360 328 402 '.
438 351 716 403 ORATIO·

171 493 208 567 Si
229 494 339 596 quim
355 491 542 595 gloriosum
558 487 624 560 tibi
645 485 852 560 existimasti
875 481 948 557 fore
965 513 1064 558 acer·
1086 563 1088 568 ,

121 589 210 662 rimo
232 591 397 692 persequi
422 589 600 660 Romanos
622 585 715 656 bello
722 638 738 672 ‚
761 601 833 656 tam
859 582 997 656 facilem
1016 585 1063 656 de

122 688 255 760 eisdem
273 686 403 762 referre
415 685 596 780 victoriam
604 695 745 784 posses,
760 683 838 756 Rex
854 679 1040 754 fortissime
1049 711 1061 774 3

120 813 305 888 nunquam
325 786 382 859 vel
406 785 582 864 dissuasor
598 781 689 854 tenti
711 781 842 880 operis,
870 779 927 854 vel
939 797 1062 857 metu·

120 885 240 956 randoe
256 911 337 956 cum
373 900 454 958 ente
471 879 683 954 ferocissima
698 879 792 993 pacis
807 895 928 950 auctor
944 905 1061 949 acces-

119 981 254 1052 sissem.
278 911 413 1055 Verim
433 985 514 1054 crim
525 977 754 1150 praeviderim
776 976 859 1048 setis
875 975 1059 1048 intellexe-

120 1079 258 1178 rimque
280 1079 448 1191 penitus,
479 1078 524 1149 be
551 1082 615 1148 rim
637 1073 701 1146 hcc
710 1127 725 1161 ,
755 1074 851 1243 Ἧιοά
881 1072 1062 1172 suscepisti

90 1191 194 1246 *tem
220 1193 365 1263 acriter,
392 1203 464 1246 non
493 1174 590 1246 ruti
615 1173 764 1244 sius'mo
790 1179 836 1263 ὸ,
866 1171 928 1243 sed
954 1170 1062 1242 totius

119 1273 227 1343 etiam
272 1273 369 1374 opuli
386 1271 523 1344 Clusini
540 1201 638 1343 claie
657 1297 732 1342 esee
759 1267 1039 1340 concludendum
1048 1297 1060 1358 3

118 1397 189 1441 non
203 1302 363 1441 duiitavi
379 1393 553 1481 opponere
570 1393 627 1438 me
638 1365 787 1438 consiliis
805 1365 892 1457 tuis,
910 1382 946 1436 et
959 1393 1063 1464 gene-

116 1493 237 1538 rosum
250 1467 354 1538 illum
372 1464 590 1562 avidumque
600 1463 760 1562 inprimis
769 1460 889 1563 gloriae
903 1462 1063 1534 animum

116 1591 309 1666 parumper
322 1561 518 1636 retardare.
916 1593 922 1604 ·

110 1733 114 1740 .
167 1661 265 1734 Nam
281 1687 362 1764 quce
372 1687 449 1760 spes
463 1658 609 1732 tandem
621 1657 689 1730 tibi
698 1655 782 1728 belli
798 1653 946 1730 infelicis
960 1655 1063 1729 effiti-

118 1776 199 1860 get,
218 1775 282 1831 aut
303 1759 389 1861 quid
403 1758 525 1858 'potiris
541 1757 773 1828 metuendum
790 1752 856 1825 tibi
872 1783 942 1826 non
959 1771 1062 1854 putes

119 1858 166 1929 ab
182 1861 225 1928 et
236 1873 359 1958 gente,
374 1881 483 1957 quam
494 1854 532 1926 in
548 1869 649 1924 tuam
661 1851 766 1924 unius
778 1849 969 1952 perniciem
982 1881 1063 1924 con-

118 1951 253 2053 jurasse
276 1981 345 2025 non
369 1950 531 2054 ignorasi
551 1950 709 2028 Audiirti
733 1949 838 2020 mode
862 1950 932 2021 tuis
951 1950 1061 2052 ipsius
1079 1963 1249 2042 Aureum

118 2051 283 2144 nuribus,
298 2056 408 2150 quim
416 2047 586 2151 pertinaci
593 2049 753 2120 odiorum
760 2043 950 2120 acerbitate
959 2065 1062 2120 tuum
1072 2027 1087 2074 ὲ
1098 2027 1248 2091 rapum.

118 2149 214 2220 inca
238 2165 279 2219 ut
292 2147 446 2221 involare
464 2147 656 2219 meditetur
674 2145 696 2219 J
698 2145 877 2218 urentutis
891 2147 1061 2220 Romane

119 2243 185 2317 flos
211 2177 442 2318 iectissimust
462 2241 602 2316 nullum
648 2244 756 2346 roprii
774 2243 895 2344 cepitis
918 2245 1058 2344 pericu·

115 2343 197 2416 ¹lum
212 2343 465 2444 pertimescunt
483 2344 599 2414 hortea
621 2273 675 2414 rili
689 2341 761 2434 tui,
782 2341 812 2414 ei
828 2342 931 2414 modu
998 2341 1060 2413 rii-

109 2467 198 2514 .cerc
213 2441 366 2542 possint,
386 2441 481 2544 quod
495 2441 613 2514 animo
624 2441 871 2536 glestinnmnt3
887 2454 924 2512 et
958 2465 1060 2514 erem

117 2535 201 2613 v'it'ae
220 2551 295 2612 euae'
314 2539 488 2641 jacturam
506 2537 741 2632 arbitrantur,
786 2563 871 2609 unm
882 2562 946 2638 pro
964 2565 1060 2611 acce·
1134 2549 1142 2578 ¹

117 2635 272 2710 terendi·
290 2655 403 2711 morte
423 2640 488 2711 tut
514 2637 732 2711 devoverint.
756 2565 816 2717 iu
840 2636 895 2708 sin
943 2635 1059 2709 lorum

116 2735 252 2805 animos
268 2737 403 2816 aestima
417 2763 462 2810 ex
477 2761 550 2810 uno
567 2733 694 2836 perfidi
714 2734 877 2813 scaevolae
889 2663 1054 2807 Εέἱῃονε.

120 2829 264 2928 Cogita,
285 2835 356 2932 qut
374 2859 435 2944 epe
454 2835 695 2907 Romanorum
711 2832 874 2932 praesidia
889 2833 1058 2908 deserue-

118 2927 188 3016 rit3
203 2929 274 3027 qui
286 2929 433 3002 andacri
444 2945 561 3002 nostra
569 2931 608 3000 in
623 2943 737 3002 castra
752 2929 966 3028 penetrarit3
985 2935 1056 3043 qut

117 3023 319 3102 temeritate
345 3042 448 3096 tuum
472 3027 579 3126 ipsius
602 3027 640 3100 in
663 3027 854 3100 tentorium
874 3023 982 3099 fuerit
999 3055 1056 3096 rn-

117 3123 278 3222 gressus}
297 3149 367 3223 quo
383 3119 498 3197 furore
515 3125 698 3198 sceleratas
710 3151 836 3195 manus
852 3121 1002 3195 scribam
1017 3124 1057 3192 in

117 3234 223 3292 tuum
232 3220 327 3332 regio
340 3219 505 3320 deceptus
516 3249 542 3299 a
566 3221 850 3321 paratutulerit3
869 3219 1058 3319 qutanimi

116 3317 310 3414 pertinaci&
329 3333 392 3388 eut
413 3317 526 3416 potius
542 3251 720 3388 ierocitate
734 3332 770 3386 et
790 3314 963 3416 professus
975 3313 1068 3390 fue-s
1095 3319 1098 3332 '

117 3413 166 3484 rit
181 3414 331 3506 crimen,
350 3415 445 3515 quod
462 3413 632 3515 perabat,
651 3429 688 3484 et
699 3440 852 3485 errorem
863 3441 987 3509 suum,
1003 3417 1058 3490 sui

117 3511 227 3610 ipsius
243 3513 375 3586 vindex
401 3540 440 3584 ac
460 3529 571 3584 tortor
598 3511 800 3610 deplorarit.
828 3513 906 3584 Hoc
933 3514 1058 3586 eodem

118 3611 267 3680 trecenti
290 3611 436 3708 juvenes
465 3609 596 3682 incensi
617 3608 731 3682 studio
752 3609 942 3684 tentabunt
961 3613 1057 3684 idem

116 3701 273 3800 facinus,
288 3725 324 3781 et
338 3705 483 3782 feliciori
491 3703 580 3782 forte
592 3707 689 3782 exitu
696 3704 889 3809 perficient.
903 3710 1053 3788 Proinde
1091 3778 1097 3788 .

236 4034 260 4066 A
