2668 4414
278 221 349 297 ns
533 239 944 294 rnnronrcn

97 363 100 370 ·
264 339 374 446 secto
400 345 436 416 si
464 345 667 428 extiterit,
698 345 755 416 sio
781 361 875 444 aget
885 395 908 430 ,-
925 359 966 440 et
988 340 1049 415 sic
1082 339 1122 416 Io
1149 355 1233 440 ue*

171 439 174 446 ¹
271 455 346 516 tur.
361 439 531 527 Mulier,
553 439 653 542 'quid
665 439 736 512 tibi
752 467 837 512 cum
857 439 1001 514 calio?
1046 439 1090 510 ui
1132 465 1228 515 oum-

273 536 745 614 Izomineadolescentuh?
791 538 866 610 uid
877 566 963 612 cum
983 467 1142 610 agero?
1154 560 1228 608 cur

273 654 345 711 aut
360 633 658 734 mmsarniliaris
678 633 740 706 illi
749 565 889 733 sitisti,
906 654 952 708 ut
964 660 1103 708 aarum
1118 657 1225 706 com-

274 734 450 806 modares
461 764 479 823 ,·
504 745 575 805 a'ut
588 750 666 804 tam
688 736 845 806 inimica
853 785 871 820 ‚
896 752 941 806 ut
962 757 1156 806 venenum
1198 733 1231 784 '-

274 851 397 904 meres
414 833 433 902 ‚²
456 833 543 902 Non
546 849 702 933 patrem
721 849 827 903 tuum
848 831 1004 904 videras
1012 881 1028 916 ‚
1056 748 1228 929 nonsp-
1320 864 1323 879 ·

274 941 400 1002 nuum
410 981 426 1015 ,
453 955 525 1000 non
545 955 654 1003 avum
662 981 677 1014 ,
700 956 773 1000 non
795 955 981 1030 proauum
992 980 1008 1014 ,
1029 953 1108 1000 non
1135 944 1231 998 aaz·

275 1051 367 1098 vum
400 1027 582 1098 audieras
610 1024 790 1098 Consules
799 1027 968 1194 lame?
994 1043 1069 1098 etc.
1104 1024 1229 1096 Locus

275 1147 359 1224 egre
386 1123 437 1194 'us
463 1139 556 1196 totus
579 1139 616 1194 et
633 1122 729 1233 Perle
753 1149 798 1195 en
869 1177 877 1193 .

376 1220 459 1292 abes
488 1219 557 1292 alia
590 1219 697 1318 hujus
725 1151 963 1321 Erosopopeiae
988 1247 1093 1292 exem
1120 1217 1159 1290 la
1186 1215 1227 1288 3.

246 1317 323 1410 nv·
354 1342 392 1388 n.
426 1323 487 1416 94.
526 1343 561 1416 7.
595 1317 682 1388 Ver.
713 1317 794 1390 135.
821 1335 858 1390 et
884 1319 966 1417 ²87·
988 1319 1058 1390 Pro
1131 1315 1227 1388 ilone
1260 1363 1268 1380 ·

275 1435 314 1488 n.
345 1436 405 1512 72.
431 1431 468 1486 et
492 1441 552 1516 77.
570 1415 637 1485 Pro
659 1414 769 1493 Balbo
786 1420 847 1506 44

289 1537 292 1544 ’
325 1507 493 1614 Denique
521 1511 627 1582 rebus
645 1512 752 1583 eiiam
768 1511 968 1588 inanimafis
988 1538 1054 1583 sua
1075 1537 1148 1584 vox
1159 1509 1231 1581 tn'·

275 1607 418 1698 buitur,
443 1605 484 1679 ut
498 1609 584 1680 Ver.
605 1613 641 1699 4.
660 1637 697 1678 n.
719 1615 775 1706 19'.
803 1607 939 1682 Sicilia
961 1627 1064 1694 rota,
1095 1613 1133 1680 si
1148 1609 1235 1680 und

276 1731 374 1778 uoce
399 1705 641 1806 loqueretur,
668 1705 740 1780 hoc
771 1705 928 1778 diceret.
965 1703 1086 1801 Quod
1107 1709 1200 1778 auri
1211 1757 1232 1792 ,

275 1801 387 1905 quod
408 1807 582 1903 argenti,
609 1803 717 1906 quod
731 1822 1028 1876 ornamentorum
1061 1805 1104 1874 in
1128 1806 1231 1876 meis

276 1897 458 1994 urbibus,
475 1899 651 1993 sedibus,
668 1897 947 2000 delubrissuit,
958 1897 1068 2002 quod
1074 1903 1117 1970 in
1127 1901 1229 1972 und-

275 2024 431 2099 quaque
450 2023 492 2070 re
507 1997 602 2071 bene
627 2002 686 2071 cio
704 2001 888 2088 Senatus,
903 1995 1122 2100 Populique
1143 1995 1235 2070 Ro-

275 2097 501 2212 'manijun's
525 2095 578 2168 luz
604 2095 742 2188 ui,id
765 2097 859 2169 milri
881 2116 945 2188 tu,
982 2095 1025 2167 C.
1059 2095 1233 2182 Verres,

276 2195 453 2294 eripuisti
462 2211 578 2295 atque
591 2192 796 2266 abstulisti.
821 2197 906 2290 Quo
932 2195 1084 2284 nomine
1102 2191 1176 2264 abs
1191 2211 1241 2279 te¹

278 2295 491 2362 sestertium
515 2290 655 2363 millies
674 2319 729 2362 eo:
753 2292 838 2392 lege
857 2309 997 2393 repeto.

329 2387 422 2458 Item
454 2415 492 2458 n.
523 2415 583 2486 27.
621 2405 658 2460 et
682 2391 742 2461 28.
765 2387 980 2463 Catilinaxiae
1005 2399 1083 2480 1¹2,
1106 2383 1241 2460 Pania,

279 2481 486 2564 Ciceronem
503 2485 706 2586 alloquitur.

491 2634 1005 2758 mmmmm.

279 2844 383 2922 Saul
405 2849 572 2920 iacemus
598 2867 640 2921 et
662 2854 806 2924 anxius
861 2853 921 2922 uis
953 2863 1056 2920 esset
1063 2845 1233 2945 ficturus

195 2970 200 2978 ·
332 2948 466 3016 exitus
487 2951 720 3039 certaminis,
739 2877 948 3050 quoaqerat
966 2961 1096 3017 comm
1123 2941 1224 3017 Plri-

330 3042 473 3116 Iustam
493 3049 773 3130 commissurus,
790 3049 929 3116 stamit
943 3039 1133 3116 Samuelis
1149 3067 1229 3115 um·

310 3155 314 3171 '
332 3137 439 3212 brom
448 3166 531 3242 per
539 3143 805 3240 Pythonissam
831 3139 1037 3215 consulere.

447 3301 506 3363 Per
525 3305 743 3389 Apostrophen
763 3321 795 3368 et
812 3307 1068 3391 Prosopopeim·

584 3465 605 3524 S
627 3465 658 3525 Y
679 3465 714 3526 N
734 3467 808 3526 ΟΡ
830 3464 852 3526 S
873 3463 889 3524 1
910 3462 942 3526 S.

285 3557 381 3672 Par
393 3627 420 3669 m
430 3631 449 3668 ο
461 3630 517 3690 per
527 3607 754 3694 ¹Apostropien
772 3612 812 3672 ad
825 3612 955 3685 Deum,
978 3625 1123 3692 queretur
1142 3603 1240 3752 Τιὸῶ

286 3693 491 3774 interrogatus
504 3691 541 3752 de
555 3694 779 3775 committendae
792 3716 864 3762 mox
879 3714 989 3778 pugne
1005 3695 1092 3758 exitu
1105 3715 1148 3754 nu
1163 3692 1239 3752 lum

286 3793 342 3855 per
354 3771 450 3838 Vates
465 3796 499 3836 ac
516 3771 695 3841 Sacerdotes
709 3787 889 3866 responsore
908 3776 1040 3856 dederit.
1078 3843 1083 3848 ,
1174 3835 1200 3844 .,
1228 3811 1239 3842 ι
