<?xml version="1.0" encoding="UTF-8"?>
<!DOCTYPE html PUBLIC "-//W3C//DTD XHTML 1.0 Transitional//EN"
    "http://www.w3.org/TR/xhtml1/DTD/xhtml1-transitional.dtd">
<html xmlns="http://www.w3.org/1999/xhtml" xml:lang="en" lang="en">
 <head>
  <title>
</title>
<meta http-equiv="Content-Type" content="text/html;charset=utf-8" />
  <meta name='ocr-system' content='tesseract 3.04.00' />
  <meta name='ocr-capabilities' content='ocr_page ocr_carea ocr_par ocr_line ocrx_word'/>
</head>
<body>
  <div class='ocr_page' id='page_1' title='image "./bibliothecarhet01jaygoog/bibliothecarhet01jaygoog_0568.png"; bbox 0 0 2736 4414; ppageno 0'>
   <div class='ocr_carea' id='block_1_1' title="bbox 240 227 1015 326">
    <p class='ocr_par' dir='ltr' id='par_1_1' title="bbox 240 227 1015 326">
     <span class='ocr_line' id='line_1_1' title="bbox 240 227 1015 326; baseline -0.008 -27"><span class='ocrx_word' id='word_1_1' title='bbox 240 313 242 317; x_wconf 18' lang='grc' dir='ltr'>ι</span> <span class='ocrx_word' id='word_1_2' title='bbox 319 227 390 326; x_wconf 81' lang='lat'><strong>572</strong></span> <span class='ocrx_word' id='word_1_3' title='bbox 576 240 1015 318; x_wconf 58' lang='lat' dir='ltr'><strong>nnrromrcm</strong></span> 
     </span>
    </p>
   </div>
   <div class='ocr_carea' id='block_1_2' title="bbox 200 341 1300 1720">
    <p class='ocr_par' dir='ltr' id='par_1_2' title="bbox 200 341 1300 1720">
     <span class='ocr_line' id='line_1_2' title="bbox 316 341 1257 446; baseline -0.002 -28"><span class='ocrx_word' id='word_1_4' title='bbox 316 349 442 418; x_wconf 87' lang='lat' dir='ltr'><strong>tuisset</strong></span> <span class='ocrx_word' id='word_1_5' title='bbox 458 344 547 416; x_wconf 87' lang='lat' dir='ltr'><strong>mihi</strong></span> <span class='ocrx_word' id='word_1_6' title='bbox 563 345 721 418; x_wconf 85' lang='lat' dir='ltr'><strong>adhunc</strong></span> <span class='ocrx_word' id='word_1_7' title='bbox 736 369 849 446; x_wconf 88' lang='lat' dir='ltr'><strong>usque</strong></span> <span class='ocrx_word' id='word_1_8' title='bbox 871 343 965 416; x_wconf 90' lang='lat' dir='ltr'><strong>diem</strong></span> <span class='ocrx_word' id='word_1_9' title='bbox 982 394 995 436; x_wconf 91' lang='lat'><strong>,</strong></span> <span class='ocrx_word' id='word_1_10' title='bbox 1044 341 1115 414; x_wconf 92' lang='lat' dir='ltr'><strong>uod</strong></span> <span class='ocrx_word' id='word_1_11' title='bbox 1132 357 1257 416; x_wconf 84' lang='lat' dir='ltr'><strong>tamen</strong></span> 
     </span>
     <span class='ocr_line' id='line_1_3' title="bbox 315 367 1258 554; baseline -0.003 -40"><span class='ocrx_word' id='word_1_12' title='bbox 315 444 607 544; x_wconf 76' lang='lat' dir='ltr'><strong>probdnoyeram</strong></span> <span class='ocrx_word' id='word_1_13' title='bbox 624 437 698 541; x_wconf 86' lang='lat' dir='ltr'><strong>jam</strong></span> <span class='ocrx_word' id='word_1_14' title='bbox 717 443 806 535; x_wconf 84' lang='lat' dir='ltr'><strong>did,</strong></span> <span class='ocrx_word' id='word_1_15' title='bbox 830 469 906 514; x_wconf 87' lang='lat' dir='ltr'><strong>esse</strong></span> <span class='ocrx_word' id='word_1_16' title='bbox 922 443 961 511; x_wconf 84' lang='lat' dir='ltr'><strong>in</strong></span> <span class='ocrx_word' id='word_1_17' title='bbox 977 367 1139 512; x_wconf 75' lang='lat' dir='ltr'><strong>teqfidem</strong></span> <span class='ocrx_word' id='word_1_18' title='bbox 1154 467 1258 554; x_wconf 71' lang='lat' dir='ltr'><strong>egre·</strong></span> 
     </span>
     <span class='ocr_line' id='line_1_4' title="bbox 316 539 1252 640; baseline -0.001 -30"><span class='ocrx_word' id='word_1_19' title='bbox 316 541 438 640; x_wconf 84' lang='lat' dir='ltr'>giam,</span> <span class='ocrx_word' id='word_1_20' title='bbox 468 540 633 612; x_wconf 81' lang='lat' dir='ltr'><strong>eximiam</strong></span> <span class='ocrx_word' id='word_1_21' title='bbox 664 541 871 631; x_wconf 86' lang='lat' dir='ltr'><strong>caritatem,</strong></span> <span class='ocrx_word' id='word_1_22' title='bbox 901 539 1056 611; x_wconf 85' lang='lat' dir='ltr'><strong>indolem</strong></span> <span class='ocrx_word' id='word_1_23' title='bbox 1083 539 1252 612; x_wconf 71' lang='lat' dir='ltr'><strong>suavissi-</strong></span> 
     </span>
     <span class='ocr_line' id='line_1_5' title="bbox 245 635 1252 737; baseline -0.002 -29"><span class='ocrx_word' id='word_1_24' title='bbox 245 691 247 698; x_wconf 73' lang='grc'>.</span> <span class='ocrx_word' id='word_1_25' title='bbox 316 665 439 728; x_wconf 86' lang='lat' dir='ltr'><strong>mam,</strong></span> <span class='ocrx_word' id='word_1_26' title='bbox 469 654 506 708; x_wconf 88' lang='lat' dir='ltr'><strong>et</strong></span> <span class='ocrx_word' id='word_1_27' title='bbox 528 656 654 708; x_wconf 86' lang='lat' dir='ltr'><strong>caetera</strong></span> <span class='ocrx_word' id='word_1_28' title='bbox 681 640 824 730; x_wconf 87' lang='lat' dir='ltr'><strong>omnia,</strong></span> <span class='ocrx_word' id='word_1_29' title='bbox 849 663 929 737; x_wconf 83' lang='lat' dir='ltr'><strong>quae</strong></span> <span class='ocrx_word' id='word_1_30' title='bbox 953 635 1160 708; x_wconf 85' lang='lat' dir='ltr'><strong>dulcissimae</strong></span> <span class='ocrx_word' id='word_1_31' title='bbox 1183 661 1252 706; x_wconf 89' lang='lat' dir='ltr'><strong>ne·</strong></span> 
     </span>
     <span class='ocr_line' id='line_1_6' title="bbox 200 731 1256 832; baseline 0 -28"><span class='ocrx_word' id='word_1_32' title='bbox 200 753 202 760; x_wconf 87' lang='grc'><strong>’</strong></span> <span class='ocrx_word' id='word_1_33' title='bbox 316 733 534 806; x_wconf 86' lang='lat' dir='ltr'><strong>cessitudinis</strong></span> <span class='ocrx_word' id='word_1_34' title='bbox 545 735 683 809; x_wconf 86' lang='lat' dir='ltr'><strong>vino&#39;ula</strong></span> <span class='ocrx_word' id='word_1_35' title='bbox 692 753 792 828; x_wconf 81' lang='lat' dir='ltr'><strong>sunt3</strong></span> <span class='ocrx_word' id='word_1_36' title='bbox 803 752 844 807; x_wconf 92' lang='lat' dir='ltr'><strong>tu</strong></span> <span class='ocrx_word' id='word_1_37' title='bbox 852 734 947 807; x_wconf 80' lang='lat' dir='ltr'><strong>risu&#39;s</strong></span> <span class='ocrx_word' id='word_1_38' title='bbox 957 731 1046 804; x_wconf 84' lang='lat' dir='ltr'><strong>mihi</strong></span> <span class='ocrx_word' id='word_1_39' title='bbox 1060 733 1103 803; x_wconf 91' lang='lat' dir='ltr'><strong>de</strong></span> <span class='ocrx_word' id='word_1_40' title='bbox 1116 734 1256 832; x_wconf 81' lang='lat' dir='ltr'><strong>integro</strong></span> 
     </span>
     <span class='ocr_line' id='line_1_7' title="bbox 257 830 1254 942; baseline -0.002 -40"><span class='ocrx_word' id='word_1_41' title='bbox 257 859 261 866; x_wconf 65' lang='grc'><em>’</em></span> <span class='ocrx_word' id='word_1_42' title='bbox 316 833 449 902; x_wconf 80' lang='lat' dir='ltr'><strong>amicus</strong></span> <span class='ocrx_word' id='word_1_43' title='bbox 466 848 540 904; x_wconf 89' lang='lat' dir='ltr'><strong>tam</strong></span> <span class='ocrx_word' id='word_1_44' title='bbox 558 833 688 924; x_wconf 87' lang='lat' dir='ltr'><strong>comis,</strong></span> <span class='ocrx_word' id='word_1_45' title='bbox 710 851 785 905; x_wconf 85' lang='lat' dir='ltr'><strong>tam</strong></span> <span class='ocrx_word' id='word_1_46' title='bbox 807 830 923 923; x_wconf 86' lang='lat' dir='ltr'><strong>fidus,</strong></span> <span class='ocrx_word' id='word_1_47' title='bbox 943 848 1018 903; x_wconf 88' lang='lat' dir='ltr'><strong>tam</strong></span> <span class='ocrx_word' id='word_1_48' title='bbox 1033 830 1254 942; x_wconf 76' lang='lat' dir='ltr'><strong>obsequens,</strong></span> 
     </span>
     <span class='ocr_line' id='line_1_8' title="bbox 316 928 1254 1016; baseline 0 -16"><span class='ocrx_word' id='word_1_49' title='bbox 316 928 472 1000; x_wconf 87' lang='lat' dir='ltr'><strong>numeris</strong></span> <span class='ocrx_word' id='word_1_50' title='bbox 504 929 665 1001; x_wconf 85' lang='lat' dir='ltr'><strong>omnibus</strong></span> <span class='ocrx_word' id='word_1_51' title='bbox 686 933 770 1002; x_wconf 63' lang='lat' dir='ltr'><strong>‘tam</strong></span> <span class='ocrx_word' id='word_1_52' title='bbox 804 930 1013 1016; x_wconf 87' lang='lat' dir='ltr'><strong>absolutus,</strong></span> <span class='ocrx_word' id='word_1_53' title='bbox 1048 944 1090 1000; x_wconf 90' lang='lat' dir='ltr'><strong>ut</strong></span> <span class='ocrx_word' id='word_1_54' title='bbox 1116 953 1190 999; x_wconf 89' lang='lat' dir='ltr'><strong>sme</strong></span> <span class='ocrx_word' id='word_1_55' title='bbox 1215 944 1254 1000; x_wconf 85' lang='lat' dir='ltr'><strong>te</strong></span> 
     </span>
     <span class='ocr_line' id='line_1_9' title="bbox 315 1023 1254 1127; baseline -0.002 -30"><span class='ocrx_word' id='word_1_56' title='bbox 315 1026 442 1100; x_wconf 80' lang='lat' dir='ltr'><strong>rivere</strong></span> <span class='ocrx_word' id='word_1_57' title='bbox 458 1055 516 1098; x_wconf 90' lang='lat' dir='ltr'><strong>me</strong></span> <span class='ocrx_word' id='word_1_58' title='bbox 541 1043 640 1127; x_wconf 83' lang='lat' dir='ltr'><strong>posse</strong></span> <span class='ocrx_word' id='word_1_59' title='bbox 668 1027 904 1127; x_wconf 82' lang='lat' dir='ltr'><strong>desperarem.</strong></span> <span class='ocrx_word' id='word_1_60' title='bbox 937 1027 1032 1099; x_wconf 84' lang='lat' dir='ltr'><strong>Hinc</strong></span> <span class='ocrx_word' id='word_1_61' title='bbox 1061 1023 1198 1097; x_wconf 82' lang='lat' dir='ltr'><strong>aestima</strong></span> <span class='ocrx_word' id='word_1_62' title='bbox 1223 1023 1254 1095; x_wconf 89' lang='lat' dir='ltr'><strong>si</strong></span> 
     </span>
     <span class='ocr_line' id='line_1_10' title="bbox 316 1123 1255 1225; baseline -0.002 -31"><span class='ocrx_word' id='word_1_63' title='bbox 316 1139 413 1221; x_wconf 86' lang='lat' dir='ltr'><strong>potes</strong></span> <span class='ocrx_word' id='word_1_64' title='bbox 428 1176 439 1214; x_wconf 90' lang='lat'>‚</span> <span class='ocrx_word' id='word_1_65' title='bbox 464 1141 619 1225; x_wconf 85' lang='lat' dir='ltr'><strong>quantus</strong></span> <span class='ocrx_word' id='word_1_66' title='bbox 636 1151 680 1197; x_wconf 86' lang='lat' dir='ltr'><strong>ex</strong></span> <span class='ocrx_word' id='word_1_67' title='bbox 694 1152 736 1198; x_wconf 89' lang='lat' dir='ltr'><strong>eo</strong></span> <span class='ocrx_word' id='word_1_68' title='bbox 749 1126 806 1196; x_wconf 86' lang='lat' dir='ltr'><strong>die</strong></span> <span class='ocrx_word' id='word_1_69' title='bbox 821 1151 951 1198; x_wconf 86' lang='lat' dir='ltr'><strong>moeror</strong></span> <span class='ocrx_word' id='word_1_70' title='bbox 968 1123 1127 1195; x_wconf 85' lang='lat' dir='ltr'><strong>animum</strong></span> <span class='ocrx_word' id='word_1_71' title='bbox 1143 1123 1255 1193; x_wconf 88' lang='lat' dir='ltr'><strong>inces-</strong></span> 
     </span>
     <span class='ocr_line' id='line_1_11' title="bbox 316 1219 1298 1320; baseline -0.003 -28"><span class='ocrx_word' id='word_1_72' title='bbox 316 1220 420 1292; x_wconf 86' lang='lat' dir='ltr'><strong>serit!</strong></span> <span class='ocrx_word' id='word_1_73' title='bbox 435 1224 477 1294; x_wconf 87' lang='lat' dir='ltr'><strong>ut</strong></span> <span class='ocrx_word' id='word_1_74' title='bbox 487 1249 544 1293; x_wconf 90' lang='lat' dir='ltr'><strong>me</strong></span> <span class='ocrx_word' id='word_1_75' title='bbox 560 1223 707 1296; x_wconf 83' lang='lat' dir='ltr'><strong>taederet</strong></span> <span class='ocrx_word' id='word_1_76' title='bbox 717 1223 891 1296; x_wconf 76' lang='lat' dir='ltr'><strong>ulterioris</strong></span> <span class='ocrx_word' id='word_1_77' title='bbox 902 1219 1255 1320; x_wconf 74' lang='lat' dir='ltr'><strong>ritae,&#39;qudmjueun-</strong></span> <span class='ocrx_word' id='word_1_78' title='bbox 1290 1249 1298 1276; x_wconf 81' lang='lat'><strong><em>¹</em></strong></span> 
     </span>
     <span class='ocr_line' id='line_1_12' title="bbox 316 1316 1255 1394; baseline 0.002 -6"><span class='ocrx_word' id='word_1_79' title='bbox 316 1317 457 1390; x_wconf 82' lang='lat' dir='ltr'><strong>dissinm</strong></span> <span class='ocrx_word' id='word_1_80' title='bbox 476 1319 682 1394; x_wconf 87' lang='lat' dir='ltr'><strong>destitutam</strong></span> <span class='ocrx_word' id='word_1_81' title='bbox 703 1320 823 1392; x_wconf 85' lang='lat' dir='ltr'><strong>solatio</strong></span> <span class='ocrx_word' id='word_1_82' title='bbox 848 1316 1071 1392; x_wconf 79' lang='lat' dir='ltr'><strong>arbitrabar!</strong></span> <span class='ocrx_word' id='word_1_83' title='bbox 1099 1333 1142 1388; x_wconf 87' lang='lat' dir='ltr'><strong>ut</strong></span> <span class='ocrx_word' id='word_1_84' title='bbox 1164 1316 1255 1390; x_wconf 84' lang='lat' dir='ltr'><strong>mihi</strong></span> 
     </span>
     <span class='ocr_line' id='line_1_13' title="bbox 316 1414 1253 1518; baseline 0.003 -33"><span class='ocrx_word' id='word_1_85' title='bbox 316 1414 389 1486; x_wconf 85' lang='lat' dir='ltr'><strong>dies</strong></span> <span class='ocrx_word' id='word_1_86' title='bbox 413 1431 601 1518; x_wconf 83' lang='lat' dir='ltr'><strong>noctesque</strong></span> <span class='ocrx_word' id='word_1_87' title='bbox 629 1417 860 1490; x_wconf 86' lang='lat' dir='ltr'><strong>obversabare</strong></span> <span class='ocrx_word' id='word_1_88' title='bbox 883 1416 1026 1510; x_wconf 88' lang='lat' dir='ltr'><strong>menti,</strong></span> <span class='ocrx_word' id='word_1_89' title='bbox 1053 1431 1090 1488; x_wconf 89' lang='lat' dir='ltr'><strong>et</strong></span> <span class='ocrx_word' id='word_1_90' title='bbox 1121 1441 1253 1488; x_wconf 82' lang='lat' dir='ltr'><strong>novum</strong></span> 
     </span>
     <span class='ocr_line' id='line_1_14' title="bbox 314 1507 1300 1587; baseline -0.002 -5"><span class='ocrx_word' id='word_1_91' title='bbox 314 1531 357 1582; x_wconf 83' lang='lat' dir='ltr'><strong>ns</strong></span> <span class='ocrx_word' id='word_1_92' title='bbox 374 1521 428 1584; x_wconf 83' lang='lat' dir='ltr'><strong>&#39;ue</strong></span> <span class='ocrx_word' id='word_1_93' title='bbox 454 1542 473 1584; x_wconf 91' lang='lat' dir='ltr'><strong>e</strong></span> <span class='ocrx_word' id='word_1_94' title='bbox 497 1515 618 1586; x_wconf 81' lang='lat' dir='ltr'><strong>enimi</strong></span> <span class='ocrx_word' id='word_1_95' title='bbox 649 1515 774 1587; x_wconf 89' lang='lat' dir='ltr'><strong>doloris</strong></span> <span class='ocrx_word' id='word_1_96' title='bbox 802 1530 1021 1586; x_wconf 85' lang='lat' dir='ltr'><strong>momentum</strong></span> <span class='ocrx_word' id='word_1_97' title='bbox 1049 1507 1253 1583; x_wconf 72' lang='lat' dir='ltr'><strong>efferebar!</strong></span> <span class='ocrx_word' id='word_1_98' title='bbox 1296 1507 1300 1516; x_wconf 80' lang='lat'>&#39;</span> 
     </span>
     <span class='ocr_line' id='line_1_15' title="bbox 314 1539 1254 1720; baseline 0.003 -43"><span class='ocrx_word' id='word_1_99' title='bbox 314 1539 385 1720; x_wconf 73' lang='lat' dir='ltr'><strong>Sed</strong></span> <span class='ocrx_word' id='word_1_100' title='bbox 403 1541 497 1711; x_wconf 68' lang='lat' dir='ltr'><strong>quid</strong></span> <span class='ocrx_word' id='word_1_101' title='bbox 511 1639 576 1712; x_wconf 85' lang='lat' dir='ltr'><strong>ego</strong></span> <span class='ocrx_word' id='word_1_102' title='bbox 590 1611 688 1684; x_wconf 67' lang='lat' dir='ltr'><strong>haec?</strong></span> <span class='ocrx_word' id='word_1_103' title='bbox 710 1629 773 1684; x_wconf 91' lang='lat' dir='ltr'><strong>aut</strong></span> <span class='ocrx_word' id='word_1_104' title='bbox 790 1613 876 1713; x_wconf 90' lang='lat' dir='ltr'><strong>quid</strong></span> <span class='ocrx_word' id='word_1_105' title='bbox 889 1612 928 1682; x_wconf 88' lang='lat' dir='ltr'><strong>in</strong></span> <span class='ocrx_word' id='word_1_106' title='bbox 950 1638 988 1682; x_wconf 88' lang='lat' dir='ltr'><strong>re</strong></span> <span class='ocrx_word' id='word_1_107' title='bbox 1007 1626 1082 1682; x_wconf 83' lang='lat' dir='ltr'><strong>tam</strong></span> <span class='ocrx_word' id='word_1_108' title='bbox 1094 1609 1254 1680; x_wconf 70' lang='lat' dir='ltr'><strong>luctuosd</strong></span> 
     </span>
    </p>
   </div>
   <div class='ocr_carea' id='block_1_3' title="bbox 307 1705 1259 2162">
    <p class='ocr_par' dir='ltr' id='par_1_3' title="bbox 307 1705 1259 2162">
     <span class='ocr_line' id='line_1_16' title="bbox 312 1705 1259 1807; baseline 0.004 -33"><span class='ocrx_word' id='word_1_109' title='bbox 312 1705 444 1779; x_wconf 75' lang='lat' dir='ltr'><strong>diutius</strong></span> <span class='ocrx_word' id='word_1_110' title='bbox 465 1737 654 1802; x_wconf 77' lang='lat' dir='ltr'><strong>immoror,</strong></span> <span class='ocrx_word' id='word_1_111' title='bbox 680 1710 743 1782; x_wconf 90' lang='lat' dir='ltr'><strong>ubi</strong></span> <span class='ocrx_word' id='word_1_112' title='bbox 766 1728 840 1784; x_wconf 90' lang='lat' dir='ltr'><strong>tam</strong></span> <span class='ocrx_word' id='word_1_113' title='bbox 859 1707 978 1807; x_wconf 85' lang='lat' dir='ltr'><strong>ampla</strong></span> <span class='ocrx_word' id='word_1_114' title='bbox 993 1705 1136 1778; x_wconf 84' lang='lat' dir='ltr'><strong>laetandi</strong></span> <span class='ocrx_word' id='word_1_115' title='bbox 1154 1733 1259 1807; x_wconf 80' lang='lat' dir='ltr'><strong>seges</strong></span> 
     </span>
     <span class='ocr_line' id='line_1_17' title="bbox 310 1803 1252 1906; baseline 0.002 -34"><span class='ocrx_word' id='word_1_116' title='bbox 310 1805 459 1876; x_wconf 87' lang='lat' dir='ltr'><strong>occurrit</strong></span> <span class='ocrx_word' id='word_1_117' title='bbox 473 1805 487 1874; x_wconf 72' lang='lat' dir='ltr'><strong>l</strong></span> <span class='ocrx_word' id='word_1_118' title='bbox 507 1807 645 1877; x_wconf 86' lang='lat' dir='ltr'><strong>Tamen</strong></span> <span class='ocrx_word' id='word_1_119' title='bbox 667 1807 823 1906; x_wconf 76' lang='lat' dir='ltr'><strong>ignosces</strong></span> <span class='ocrx_word' id='word_1_120' title='bbox 841 1833 914 1906; x_wconf 90' lang='lat' dir='ltr'><strong>pro·</strong></span> <span class='ocrx_word' id='word_1_121' title='bbox 928 1808 993 1876; x_wconf 71' lang='lat' dir='ltr'><strong>tud</strong></span> <span class='ocrx_word' id='word_1_122' title='bbox 1008 1803 1252 1886; x_wconf 79' lang='lat' dir='ltr'><strong>humanitate.</strong></span> 
     </span>
     <span class='ocr_line' id='line_1_18' title="bbox 310 1899 1257 1998; baseline 0.003 -28"><span class='ocrx_word' id='word_1_123' title='bbox 310 1899 442 1972; x_wconf 89' lang='lat' dir='ltr'><strong>Videor</strong></span> <span class='ocrx_word' id='word_1_124' title='bbox 458 1902 555 1974; x_wconf 88' lang='lat' dir='ltr'><strong>enim</strong></span> <span class='ocrx_word' id='word_1_125' title='bbox 570 1903 658 1973; x_wconf 86' lang='lat' dir='ltr'><strong>mihi</strong></span> <span class='ocrx_word' id='word_1_126' title='bbox 675 1931 768 1976; x_wconf 89' lang='lat' dir='ltr'><strong>unus</strong></span> <span class='ocrx_word' id='word_1_127' title='bbox 787 1931 910 1976; x_wconf 88' lang='lat' dir='ltr'><strong>eorum</strong></span> <span class='ocrx_word' id='word_1_128' title='bbox 931 1903 976 1973; x_wconf 91' lang='lat' dir='ltr'><strong>de</strong></span> <span class='ocrx_word' id='word_1_129' title='bbox 997 1925 1167 1990; x_wconf 85' lang='lat' dir='ltr'><strong>munero,</strong></span> <span class='ocrx_word' id='word_1_130' title='bbox 1188 1900 1257 1998; x_wconf 85' lang='lat' dir='ltr'><strong>qui</strong></span> 
     </span>
     <span class='ocr_line' id='line_1_19' title="bbox 307 1994 1256 2162; baseline 0.002 -95"><span class='ocrx_word' id='word_1_131' title='bbox 307 1997 543 2162; x_wconf 75' lang='lat' dir='ltr'><strong>periculosum</strong></span> <span class='ocrx_word' id='word_1_132' title='bbox 562 2003 655 2098; x_wconf 89' lang='lat' dir='ltr'><strong>passi</strong></span> <span class='ocrx_word' id='word_1_133' title='bbox 673 1999 921 2094; x_wconf 79' lang='lat' dir='ltr'><strong>naufragium,</strong></span> <span class='ocrx_word' id='word_1_134' title='bbox 948 2011 987 2064; x_wconf 86' lang='lat' dir='ltr'><strong>et</strong></span> <span class='ocrx_word' id='word_1_135' title='bbox 1001 1994 1156 2065; x_wconf 80' lang='lat' dir='ltr'><strong>amicum</strong></span> <span class='ocrx_word' id='word_1_136' title='bbox 1171 2011 1256 2069; x_wconf 78' lang='lat' dir='ltr'><strong>tan·</strong></span> 
     </span>
    </p>
   </div>
   <div class='ocr_carea' id='block_1_4' title="bbox 208 2090 1357 2866">
    <p class='ocr_par' dir='ltr' id='par_1_4' title="bbox 208 2090 1357 2582">
     <span class='ocr_line' id='line_1_20' title="bbox 333 2090 1255 2205; baseline 0.003 -42"><span class='ocrx_word' id='word_1_137' title='bbox 333 2121 390 2164; x_wconf 91' lang='lat' dir='ltr'><strong>em</strong></span> <span class='ocrx_word' id='word_1_138' title='bbox 405 2101 551 2192; x_wconf 81' lang='lat' dir='ltr'><strong>&#39;portum</strong></span> <span class='ocrx_word' id='word_1_139' title='bbox 573 2093 744 2205; x_wconf 73' lang='lat' dir='ltr'><strong>ingressi,</strong></span> <span class='ocrx_word' id='word_1_140' title='bbox 773 2098 874 2164; x_wconf 75' lang='lat' dir='ltr'><strong>tanto</strong></span> <span class='ocrx_word' id='word_1_141' title='bbox 891 2090 1032 2163; x_wconf 78' lang='lat' dir='ltr'><strong>suavius</strong></span> <span class='ocrx_word' id='word_1_142' title='bbox 1058 2106 1255 2166; x_wconf 77' lang='lat' dir='ltr'><strong>retractant</strong></span> 
     </span>
     <span class='ocr_line' id='line_1_21' title="bbox 240 2187 1254 2300; baseline 0.004 -40"><span class='ocrx_word' id='word_1_143' title='bbox 240 2191 244 2208; x_wconf 81' lang='grc'><em>“</em></span> <span class='ocrx_word' id='word_1_144' title='bbox 293 2190 453 2300; x_wconf 81' lang='lat' dir='ltr'><strong>periculi</strong></span> <span class='ocrx_word' id='word_1_145' title='bbox 480 2217 711 2282; x_wconf 86' lang='lat' dir='ltr'><strong>memonam,</strong></span> <span class='ocrx_word' id='word_1_146' title='bbox 740 2194 874 2294; x_wconf 73' lang='lat' dir='ltr'><strong>quanto</strong></span> <span class='ocrx_word' id='word_1_147' title='bbox 897 2187 1037 2288; x_wconf 64' lang='lat' dir='ltr'><strong>gisum</strong></span> <span class='ocrx_word' id='word_1_148' title='bbox 1066 2187 1254 2264; x_wconf 88' lang='lat' dir='ltr'><strong>discrimen</strong></span> 
     </span>
     <span class='ocr_line' id='line_1_22' title="bbox 307 2283 1253 2382; baseline 0.001 -24"><span class='ocrx_word' id='word_1_149' title='bbox 307 2291 501 2362; x_wconf 70' lang='lat' dir='ltr'><strong>incurrere.</strong></span> <span class='ocrx_word' id='word_1_150' title='bbox 520 2288 697 2360; x_wconf 77' lang='lat' dir='ltr'><strong>Caeterdm</strong></span> <span class='ocrx_word' id='word_1_151' title='bbox 710 2313 793 2359; x_wconf 82' lang='lat' dir='ltr'><strong>cave</strong></span> <span class='ocrx_word' id='word_1_152' title='bbox 813 2285 996 2382; x_wconf 84' lang='lat' dir='ltr'><strong>deinceps,</strong></span> <span class='ocrx_word' id='word_1_153' title='bbox 1011 2283 1253 2359; x_wconf 76' lang='lat' dir='ltr'><strong>valetudinem</strong></span> 
     </span>
     <span class='ocr_line' id='line_1_23' title="bbox 307 2379 1252 2484; baseline 0.003 -31"><span class='ocrx_word' id='word_1_154' title='bbox 307 2399 350 2454; x_wconf 88' lang='lat' dir='ltr'><strong>ut</strong></span> <span class='ocrx_word' id='word_1_155' title='bbox 372 2411 472 2456; x_wconf 89' lang='lat' dir='ltr'><strong>cures</strong></span> <span class='ocrx_word' id='word_1_156' title='bbox 495 2400 594 2456; x_wconf 87' lang='lat' dir='ltr'><strong>tuam</strong></span> <span class='ocrx_word' id='word_1_157' title='bbox 623 2379 847 2484; x_wconf 80' lang='lat' dir='ltr'><strong>diligentius,</strong></span> <span class='ocrx_word' id='word_1_158' title='bbox 875 2384 983 2481; x_wconf 72' lang='lat' dir='ltr'><strong>quam</strong></span> <span class='ocrx_word' id='word_1_159' title='bbox 1002 2379 1135 2453; x_wconf 71' lang='lat' dir='ltr'><strong>fecistis</strong></span> <span class='ocrx_word' id='word_1_160' title='bbox 1161 2411 1201 2454; x_wconf 87' lang='lat' dir='ltr'><strong>ac</strong></span> <span class='ocrx_word' id='word_1_161' title='bbox 1220 2384 1252 2456; x_wconf 86' lang='lat' dir='ltr'><strong>si</strong></span> 
     </span>
     <span class='ocr_line' id='line_1_24' title="bbox 208 2480 1357 2582; baseline 0.002 -32"><span class='ocrx_word' id='word_1_162' title='bbox 208 2491 211 2504; x_wconf 92' lang='lat'>&#39;</span> <span class='ocrx_word' id='word_1_163' title='bbox 307 2496 343 2552; x_wconf 89' lang='lat' dir='ltr'><strong>te</strong></span> <span class='ocrx_word' id='word_1_164' title='bbox 372 2497 436 2553; x_wconf 90' lang='lat' dir='ltr'><strong>tua</strong></span> <span class='ocrx_word' id='word_1_165' title='bbox 459 2481 569 2582; x_wconf 83' lang='lat' dir='ltr'><strong>ipsius</strong></span> <span class='ocrx_word' id='word_1_166' title='bbox 594 2481 687 2552; x_wconf 86' lang='lat' dir='ltr'><strong>salus</strong></span> <span class='ocrx_word' id='word_1_167' title='bbox 717 2499 791 2553; x_wconf 88' lang='lat' dir='ltr'><strong>tam</strong></span> <span class='ocrx_word' id='word_1_168' title='bbox 824 2484 952 2578; x_wconf 80' lang='lat' dir='ltr'><strong>parum</strong></span> <span class='ocrx_word' id='word_1_169' title='bbox 986 2480 1251 2572; x_wconf 85' lang='lat' dir='ltr'><strong>commovebit,</strong></span> <span class='ocrx_word' id='word_1_170' title='bbox 1356 2553 1357 2560; x_wconf 8' lang='grc' dir='ltr'>χ</span> 
     </span>
    </p>

    <p class='ocr_par' dir='ltr' id='par_1_5' title="bbox 306 2574 1254 2775">
     <span class='ocr_line' id='line_1_25' title="bbox 307 2574 1254 2678; baseline 0.002 -30"><span class='ocrx_word' id='word_1_171' title='bbox 307 2578 420 2674; x_wconf 80' lang='lat' dir='ltr'><strong>cogita</strong></span> <span class='ocrx_word' id='word_1_172' title='bbox 432 2629 443 2667; x_wconf 92' lang='lat'><strong>,</strong></span> <span class='ocrx_word' id='word_1_173' title='bbox 477 2579 585 2648; x_wconf 86' lang='lat' dir='ltr'><strong>etiam</strong></span> <span class='ocrx_word' id='word_1_174' title='bbox 611 2595 718 2678; x_wconf 88' lang='lat' dir='ltr'><strong>atque</strong></span> <span class='ocrx_word' id='word_1_175' title='bbox 752 2577 859 2649; x_wconf 86' lang='lat' dir='ltr'><strong>etiam</strong></span> <span class='ocrx_word' id='word_1_176' title='bbox 885 2601 1036 2676; x_wconf 87' lang='lat' dir='ltr'><strong>precor,</strong></span> <span class='ocrx_word' id='word_1_177' title='bbox 1079 2574 1144 2646; x_wconf 81' lang='lat' dir='ltr'><strong>lroo</strong></span> <span class='ocrx_word' id='word_1_178' title='bbox 1173 2603 1254 2651; x_wconf 84' lang='lat' dir='ltr'><strong>esse</strong></span> 
     </span>
     <span class='ocr_line' id='line_1_26' title="bbox 306 2671 1253 2775; baseline 0.005 -35"><span class='ocrx_word' id='word_1_179' title='bbox 306 2671 409 2740; x_wconf 86' lang='lat' dir='ltr'><strong>amici</strong></span> <span class='ocrx_word' id='word_1_180' title='bbox 432 2673 484 2740; x_wconf 84' lang='lat' dir='ltr'><strong>tui</strong></span> <span class='ocrx_word' id='word_1_181' title='bbox 496 2672 628 2760; x_wconf 86' lang='lat' dir='ltr'><strong>fatum,</strong></span> <span class='ocrx_word' id='word_1_182' title='bbox 653 2689 694 2744; x_wconf 92' lang='lat' dir='ltr'><strong>ut</strong></span> <span class='ocrx_word' id='word_1_183' title='bbox 713 2674 759 2744; x_wconf 93' lang='lat' dir='ltr'><strong>ab</strong></span> <span class='ocrx_word' id='word_1_184' title='bbox 781 2671 1022 2745; x_wconf 79' lang='lat' dir='ltr'><strong>incolumitate</strong></span> <span class='ocrx_word' id='word_1_185' title='bbox 1038 2673 1101 2743; x_wconf 71' lang='lat' dir='ltr'><strong>tud</strong></span> <span class='ocrx_word' id='word_1_186' title='bbox 1112 2699 1179 2745; x_wconf 80' lang='lat' dir='ltr'><strong>sue</strong></span> <span class='ocrx_word' id='word_1_187' title='bbox 1192 2674 1253 2775; x_wconf 88' lang='lat' dir='ltr'><strong>ip-</strong></span> 
     </span>
    </p>

    <p class='ocr_par' dir='ltr' id='par_1_6' title="bbox 305 2766 718 2866">
     <span class='ocr_line' id='line_1_27' title="bbox 305 2766 718 2866; baseline 0 -28"><span class='ocrx_word' id='word_1_188' title='bbox 305 2766 377 2838; x_wconf 86' lang='lat' dir='ltr'><strong>sius</strong></span> <span class='ocrx_word' id='word_1_189' title='bbox 395 2767 489 2838; x_wconf 86' lang='lat' dir='ltr'><strong>salus</strong></span> <span class='ocrx_word' id='word_1_190' title='bbox 509 2766 718 2866; x_wconf 89' lang='lat' dir='ltr'><strong>dependeat.</strong></span> 
     </span>
    </p>
   </div>
   <div class='ocr_carea' id='block_1_5' title="bbox 307 2958 1246 3151">
    <p class='ocr_par' dir='ltr' id='par_1_7' title="bbox 307 2958 1246 3151">
     <span class='ocr_line' id='line_1_28' title="bbox 307 2958 1246 2994; baseline 0.006 -6"><span class='ocrx_word' id='word_1_191' title='bbox 307 2958 1246 2994; x_wconf 53' lang='lat' dir='ltr'><strong>mmmmm..</strong></span> 
     </span>
     <span class='ocr_line' id='line_1_29' title="bbox 609 3031 905 3151; baseline 0.003 -1"><span class='ocrx_word' id='word_1_192' title='bbox 609 3031 905 3151; x_wconf 68' lang='lat' dir='ltr'><strong>aureo</strong></span> 
     </span>
    </p>
   </div>
   <div class='ocr_carea' id='block_1_6' title="bbox 118 3213 1251 3823">
    <p class='ocr_par' dir='ltr' id='par_1_8' title="bbox 118 3213 1251 3823">
     <span class='ocr_line' id='line_1_30' title="bbox 265 3213 1192 3349; baseline 0.005 -38"><span class='ocrx_word' id='word_1_193' title='bbox 265 3313 267 3322; x_wconf 76' lang='grc'>,</span> <span class='ocrx_word' id='word_1_194' title='bbox 340 3213 343 3242; x_wconf 45' lang='lat'><strong>²</strong></span> <span class='ocrx_word' id='word_1_195' title='bbox 356 3235 490 3312; x_wconf 83' lang='lat' dir='ltr'><strong>Rebus</strong></span> <span class='ocrx_word' id='word_1_196' title='bbox 499 3245 696 3349; x_wconf 64' lang='lat' dir='ltr'><strong>prosperis</strong></span> <span class='ocrx_word' id='word_1_197' title='bbox 708 3240 803 3342; x_wconf 78' lang='lat' dir='ltr'><strong>plus</strong></span> <span class='ocrx_word' id='word_1_198' title='bbox 825 3267 932 3344; x_wconf 76' lang='lat' dir='ltr'><strong>mque</strong></span> <span class='ocrx_word' id='word_1_199' title='bbox 946 3243 1192 3346; x_wconf 77' lang='lat' dir='ltr'><strong>superbienti.</strong></span> 
     </span>
     <span class='ocr_line' id='line_1_31' title="bbox 138 3370 1251 3531; baseline -0.007 -25"><span class='ocrx_word' id='word_1_200' title='bbox 138 3426 299 3531; x_wconf 45' lang='grc' dir='ltr'><strong>Ληθὼ</strong></span> <span class='ocrx_word' id='word_1_201' title='bbox 308 3370 528 3502; x_wconf 75' lang='lat' dir='ltr'><strong>Monosus‘</strong></span> <span class='ocrx_word' id='word_1_202' title='bbox 547 3456 611 3528; x_wconf 81' lang='lat' dir='ltr'><strong>ego</strong></span> <span class='ocrx_word' id='word_1_203' title='bbox 628 3447 755 3529; x_wconf 81' lang='lat' dir='ltr'><strong>praeter</strong></span> <span class='ocrx_word' id='word_1_204' title='bbox 775 3431 919 3508; x_wconf 86' lang='lat' dir='ltr'><strong>modum</strong></span> <span class='ocrx_word' id='word_1_205' title='bbox 936 3426 1082 3503; x_wconf 75' lang='lat' dir='ltr'><strong>fortasse</strong></span> <span class='ocrx_word' id='word_1_206' title='bbox 1095 3427 1160 3502; x_wconf 82' lang='lat' dir='ltr'><strong>tibi</strong></span> <span class='ocrx_word' id='word_1_207' title='bbox 1170 3430 1251 3519; x_wconf 76' lang='lat' dir='ltr'><strong>„mi</strong></span> 
     </span>
     <span class='ocr_line' id='line_1_32' title="bbox 118 3523 1251 3698; baseline 0.004 -6"><span class='ocrx_word' id='word_1_208' title='bbox 118 3549 230 3598; x_wconf 64' lang='lat' dir='ltr'><strong>...m</strong></span> <span class='ocrx_word' id='word_1_209' title='bbox 307 3523 629 3694; x_wconf 56' lang='lat' dir='ltr'><strong>iiiiihiiv&#39;niit</strong></span> <span class='ocrx_word' id='word_1_210' title='bbox 656 3525 1251 3698; x_wconf 47' lang='lat' dir='ltr'><strong>iidiuiiffiiiiaimiiiitiiii</strong></span> 
     </span>
     <span class='ocr_line' id='line_1_33' title="bbox 307 3650 1250 3823; baseline 0.006 -35"><span class='ocrx_word' id='word_1_211' title='bbox 307 3675 454 3818; x_wconf 67' lang='lat' dir='ltr'><strong>pestivii</strong></span> <span class='ocrx_word' id='word_1_212' title='bbox 467 3651 761 3822; x_wconf 63' lang='lat' dir='ltr'><strong>admonitiiinibus</strong></span> <span class='ocrx_word' id='word_1_213' title='bbox 784 3739 845 3798; x_wconf 86' lang='lat' dir='ltr'><strong>tua</strong></span> <span class='ocrx_word' id='word_1_214' title='bbox 864 3650 1101 3814; x_wconf 63' lang='lat' dir='ltr'><strong>intertuibire</strong></span> <span class='ocrx_word' id='word_1_215' title='bbox 1119 3721 1250 3823; x_wconf 79' lang='lat' dir='ltr'><strong>gaudia</strong></span> 
     </span>
    </p>
   </div>
   <div class='ocr_carea' id='block_1_7' title="bbox 0 0 1372 4414">
    <p class='ocr_par' dir='ltr' id='par_1_9' title="bbox 0 0 1372 4414">
     <span class='ocr_line' id='line_1_34' title="bbox 0 0 1372 4414; baseline 0 3"><span class='ocrx_word' id='word_1_216' title='bbox 0 0 1372 4414; x_wconf 95' lang='lat' dir='ltr'><strong> </strong></span> 
     </span>
    </p>
   </div>
  </div>
 </body>
</html>
