2768 4410
105 1213 157 1256 rita.

297 229 370 320 &4
551 251 964 304 nnarourcfl

296 350 503 440 multitudo,
521 350 725 422 morborum
743 351 859 454 copia,
880 370 916 426 et
934 351 1071 429 afflictas
1091 357 1242 433 civitatis
1373 323 1377 388 l

295 446 524 522 inlinnitasl·
647 453 649 458 '
845 495 850 506 .

344 545 439 616 Hinc
459 543 532 642 jam
552 545 618 618 sibi
633 562 791 619 metuere
803 576 924 622 omnes
934 551 1107 650 graviter,
1130 553 1238 624 etin.

244 719 250 727 ,
295 641 431 714 felicem
444 641 645 714 morborum
665 661 861 737 catervam,
880 649 982 748 quasi
998 649 1072 747 jam
1097 649 1240 722 accidis-

297 756 372 830 set,
391 738 601 832 formidare3
619 740 691 853 jam
705 744 882 815 vexandos
899 771 936 818 se
952 743 1133 838 febribus,
1155 775 1237 822 cru·

196 863 199 870 ⁴
296 837 435 908 claudos
447 835 560 930 fame,
580 840 778 950 pestdentid
797 843 983 916 uastandos
998 861 1236 944 augurantur:

296 961 355 1025 ac,
376 935 404 1006 si
425 937 597 1036 Melampt
621 953 702 1009 vota
722 937 932 1034 audiantur,
950 958 1070 1014 actum
1086 941 1132 1012 de
1151 940 1237 1014 civi·

295 1047 368 1103 tate
377 1036 494 1104 nostrd
506 1049 613 1134 atquc
627 1035 882 1110 conclamatum
892 1053 1033 1137 putant.
1047 1038 1130 1110 Non
1141 1038 1239 1139 igno-

133 1147 156 1191 1
168 1144 282 1208 rmjusi-
294 1130 397 1222 ratis,
416 1131 438 1202 J
440 1131 582 1222 udices,
607 1136 716 1300 que'un
742 1134 788 1205 s‘it
803 1135 986 1207 sententias
1004 1135 1167 1236 pertinax
1177 1163 1238 1236 po-

293 1226 421 1328 pulus,
443 1223 506 1300 ubi
521 1255 616 1300 seme
653 1230 851 1331 opinionem
869 1231 1026 1333 aliquam
1042 1232 1181 1325 induit,
1201 1249 1238 1304 et

293 1329 401 1424 quam
417 1353 488 1398 non
503 1325 654 1428 refugiat
671 1328 785 1400 moliri
796 1328 994 1429 quidlibet,
1007 1329 1071 1402 ubi
1082 1357 1238 1402 commu·

292 1423 346 1494 nis
359 1423 550 1494 avertenda
565 1425 734 1535 pernicies
745 1425 932 1498 incumbit.
943 1427 1017 1527 Ego
1029 1431 1121 1500 certe
1137 1443 1237 1498 tran-

292 1519 595 1620 quillitatemburc
606 1521 699 1612 urbi,
709 1523 898 1624 vobisipsis
907 1524 1241 1623 securitatempraes·

291 1634 368 1688 tare
396 1617 467 1690 non
490 1619 624 1711 ausim,
651 1619 719 1692 n'isi
747 1621 841 1692 malo
881 1622 1119 1720 uarnprimdm
1135 1636 1238 1692 eatur

291 1713 451 1806 obviam,
466 1715 564 1790 etrel
575 1717 718 1790 tollatur
730 1719 774 1790 de
791 1648 1079 1792 medofuturum
1111 1733 1237 1788 0111110-

291 1812 378 1892 dum
394 1813 580 1885 turbarum
604 1831 712 1913 atque
726 1815 883 1888 rixarum
897 1831 1028 1914 caput;
1045 1745 1110 1888 vel
1117 1816 1236 1906 certe,

290 1909 387 2078 quod
405 1937 592 2010 poenarum
607 1938 718 2012 genus
734 1910 954 1984 levissimum
971 1927 1043 1998 est,
1060 1910 1237 1984 medicam

203 2034 205 2040 ·
315 2005 454 2107 einceps
467 2035 629 2080 exercere
645 2023 759 2086 artem
774 2009 976 2108 Melampus
989 2007 1234 2110 prohibeatur.
1289 2073 1293 2083 .

337 2106 426 2178 Haec
439 2110 542 2205 porrb
557 2122 632 2177 tam
648 2103 782 2204 injusta
790 2106 972 2219 ‘Melampi
988 2104 1140 2219 precatio
1157 2133 1237 2178 sus·

288 2201 409 2274 citauit
426 2203 661 2304 quorumdam
673 2203 858 2276 hominum
872 2220 1129 2296 curiositatem,
1146 2203 1236 2276 utin

169 2313 176 2326 ’
288 2299 422 2372 Medici
447 2301 558 2372 vitam
577 2301 763 2401 mores'que
786 2301 976 2386 studiosius
998 2301 1235 2401 inquirerent.

286 2400 411 2500 Atque
429 2399 566 2470 utinam
589 2399 705 2493 minus
723 2397 847 2471 avidus
863 2399 971 2490 lucri,
988 2399 1235 2470 ministerum

285 2523 433 2569 suarum
449 2496 597 2595 cupidus
611 2495 792 2568 audiisset.
809 2496 988 2596 Equidem
1003 2495 1106 2586 novi,
1127 2493 1235 2567 Judi·

267 2621 363 2684 ces,
383 2619 454 2662 non
477 2593 680 2690 ponendum
705 2619 780 2664 esse
789 2593 997 2760 flp'lurimtlm
1015 2589 1061 2664 111,
1078 2590 1233 2661 rumori·

284 2687 370 2780 bus,
389 2685 520 2788 quibus
530 2687 740 2799 plerumque
751 2715 787 2758 m
825 2689 951 2786 'gnitas
966 2687 1109 2758 initium
1119 2687 1233 2782 dedit,

283 2785 542 2857 incrementum
554 2783 757 2858 credulitas.
768 2783 907 2858 Tamen
919 2785 1052 2858 mirum
1066 2799 1137 2876 est,
1157 2785 1236 2857 viro

284 2883 426 2956 Medico
451 2885 625 2984 quantum
649 2879 724 2956 haec
753 2897 877 2954 noceat
898 2877 1017 2975 fama,
1038 2878 1104 2954 ubi
1123 2883 1232 2954 semel

283 2981 381 3081 vulgi
398 2967 516 3055 inimo
540 2981 683 3052 insedit.
707 2977 811 3052 Trmc
830 2978 926 3053 enim
941 3005 1013 3052 non
1030 2979 1232 3051 11111111εά1-

281 3079 398 3176 tupad
408 3105 516 3178 aegros
533 3077 716 3170 accedere,
729 3093 771 3150 ut
781 3077 936 3177 depellat
945 3076 1105 3169 morbos,
1121 3081 1229 3178 quam

282 3191 324 3246 ut
339 3175 481 3248 eosdem
496 3172 612 3248 foreat
632 3203 673 3246 ac
689 3191 889 3274 perpetuet.
907 3176 1030 3276 Atque
1049 3175 1124 3246 haec
1141 3201 1226 3246 ava-

281 3271 371 3344 ritiae
383 3272 503 3364 labes,
516 3299 626 3374 quam
636 3273 815 3372 Melampu
831 3271 1009 3372 imputant
1024 3298 1095 3343 non
1110 3270 1227 3368 pauci,

281 3369 343 3440 rix
358 3371 527 3461 credatis,
546 3373 569 3444 J
571 3370 688 3443 udices
697 3423 708 3462 ,
729 3387 899 3471 quantam
916 3370 962 3442 ad
974 3366 1229 3444 confirmandas

281 3463 437 3540 sinistram
454 3467 615 3540 hodierni
631 3464 791 3542 facinoris
808 3469 985 3567 opiniones
998 3464 1071 3538 ‘rim
1086 3463 1225 3536 habue-

281 3565 340 3637 rit.
359 3567 441 3638 Non
465 3564 633 3638 dubitant
650 3564 725 3656 illi,
746 3565 833 3665 quin
863 3593 926 3637 sua
951 3561 1053 3634 illum
1077 3561 1226 3634 avaritia

280 3661 482 3775 impulerit,
501 3679 542 3734 ut
557 3661 732 3738 malormn
751 3661 908 3738 omnium
929 3659 1127 3764 congeriem
1142 3657 1227 3734 huic

281 3755 415 3840 ciuitati
441 3775 659 3860 precaretur.
761 3809 764 3814 -
823 3801 827 3818 ·
