2766 4412
298 179 372 258 328
562 203 1035 255 nnrronron·

299 305 490 403 scriptum,
507 303 604 401 quod
619 301 769 374 Tabulis
781 311 996 402 opponatur,
1013 321 1049 377 et
1065 304 1142 404 ejus
1157 309 1243 379 auc·¹
1324 373 1328 380 .

299 403 421 476 toritas
450 397 708 497 amplificanda.
1074 427 1077 430 ·

348 499 405 572 2⁰.
420 497 459 570 Si
469 497 608 570 nullum
621 497 793 597 ejusmodi
803 497 1062 570 Testimonium
1072 501 1243 594 occurrit,

299 591 509 668 declinanda
533 597 586 668 vis
607 613 662 668 est
679 593 925 688 Tabularum,
952 596 1113 668 adhibite
1132 597 1244 670 inter·

298 695 494 793 pretatione
529 721 635 794 quse,
671 693 749 765 niai-
764 695 926 784 accedat,
952 695 1139 766 dicendum
1167 711 1244 786 est,

299 792 414 864 multa
430 787 503 862 fore
521 791 761 882 incommoda,
781 817 863 891 quae
879 819 925 864 ex
942 793 1075 891 scriptis
1090 793 1247 894 Legibus
1281 875 1285 880 ¹

300 905 502 960 nascantur.
533 965 544 976 ,
938 943 941 952 .

349 983 405 1056 3⁰.
433 985 471 1055 Si
496 983 596 1056 nulia
621 981 896 1082 afferri,poterit
918 986 1109 1085 probabilis
1136 986 1247 1059 inter-

297 1083 451 1183 pretatio
462 1134 477 1167 ,
506 1081 728 1180 probandum
758 1082 825 1154 erit
863 1109 933 1153 non
969 1111 1043 1154 esse
1075 1082 1249 1182 majorem

300 1180 374 1253 vim
397 1179 588 1252 testimonii
612 1180 751 1276 scripti,
771 1182 880 1278 quam
901 1181 1048 1270 vocalis,
1071 1208 1134 1252 cur
1152 1181 1249 1254 enim

300 1293 401 1350 tanta
429 1277 482 1349 vis
506 1293 559 1347 est
577 1275 732 1368 salerni,
761 1292 823 1347 aut
855 1277 1122 1379 typographiae,
1144 1295 1192 1352 ut
1217 1279 1248 1352 si

299 1374 507 1465 accesserit,
535 1374 699 1446 continub
722 1399 767 1444 ex
788 1373 1008 1447 Testimouio
1028 1373 1133 1447 faciat
1159 1376 1261 1446 Ora·-

301 1471 436 1544 culum.

351 1571 407 1659 4⁰.
426 1569 519 1640 Tem
531 1569 664 1640 mutari
677 1583 823 1668 possunt
835 1566 1008 1660 Tabulae,
1024 1573 1132 1682 quim
1149 1587 1249 1644 caete-

301 1692 352 1739 rae
364 1669 415 1738 Le
441 1693 477 1738 es
492 1717 503 1757 ‚
519 1665 605 1765 quia
616 1693 687 1736 non
697 1663 840 1764 majoris
853 1665 1246 1760 aucwritausfuerunt,

301 1765 367 1864 qui
383 1695 542 1838 tuisrunt
558 1763 660 1855 illas,
680 1766 789 1864 quim
807 1763 872 1866 qui
887 1765 1035 1838 sancitas
1052 1781 1088 1838 et
1103 1765 1249 1866 scriptas

301 1887 382 1936 acce
409 1877 526 1934 erunt.

352 1961 376 2032 5
401 2013 408 2034 .
440 1961 523 2051 Qub
549 1958 661 2059 major
688 1976 742 2032 est
764 1958 987 2031 Tabularum
1024 1959 1248 2061 antiquitas,

302 2056 507 2136 obsidetur
529 2084 605 2128 esse
631 2056 744 2157 major
764 2061 1018 2158 nonnunqueim
1044 2059 1251 2135 mutationis

302 2153 341 2230 in
355 2153 432 2226 illas
450 2155 657 2228 inducendae
673 2157 762 2227 ratio
774 2184 785 2248 3
802 2155 888 2257 quia
901 2183 965 2256 pro
976 2157 1149 2232 ‘varietate
1158 2173 1250 2228 tem-

302 2279 450 2352 porum,
481 2269 521 2324 ut
548 2271 630 2324 sunt
658 2256 765 2329 varia
791 2255 1063 2330 consuetudmes
1090 2255 1252 2355 variique

302 2377 437 2440 mores,
464 2351 516 2422 ita
533 2353 631 2428 varie
656 2340 811 2426 decreta.

354 2447 408 2519 6⁰.
438 2448 641 2542 Quaerenda
674 2463 756 2524 sunt
783 2451 944 2550 exempla
973 2448 1074 2523 i'actae
1102 2449 1188 2520 atits
1212 2447 1251 2521 in

239 2611 244 2616 .
299 2543 456 2620 Tabulis
487 2547 705 2627 mutationis.
878 2563 881 2570 ’

353 2643 520 2744 Denique
559 2645 588 2716 si
621 2672 692 2715 non
731 2645 805 2714 inte
896 2693 908 2734 ,
943 2669 1006 2712 neo
1039 2643 1251 2742 incorruptoe
1297 2691 1301 2694 ·

304 2737 456 2812 Tabula
486 2758 594 2832 sunt,
628 2739 715 2811 fides
745 2669 894 2810 Tadiiis
930 2740 1092 2841 derogari
1145 2758 1248 2814 otest.

303 2837 506 2911 ItaTullius
518 2866 580 2939 pro
590 2837 754 2912 Cluentio
771 2863 809 2912 n.
826 2863 869 2933 91
880 2854 1082 2950 „corruptas
1128 2839 1252 2911 abulae

304 2961 380 3018 esse
407 2937 611 3028 contendit,
637 2951 793 3033 propter,
826 2935 973 3006 uasdam
994 2936 1142 3028 hturas‚
1172 2963 1251 3036 quae

304 3029 405 3106 factae
426 3032 585 3128 merant„
606 3032 725 3128 Quod
741 3033 783 3106 C.
841 3029 943 3106 erres
957 3035 1103 3109 Pastor
1126 3035 1250 3111 Urba·

262 3127 264 3132 ’
305 3131 505 3205 nusfiomo
522 3149 675 3204 sanctus
698 3157 747 3202 ac
767 3127 933 3231 dib'gens
953 3131 1252 3206 subsortitionem

305 3229 391 3329 ejus
415 3231 455 3300 in
476 3255 521 3302 eo
541 3229 676 3302 codice
701 3255 776 3302 non
799 3227 985 3318 baberet,
1003 3234 1070 3332 qui
1086 3249 1165 3304 tum
1191 3232 1250 3304 iu-

305 3322 454 3404 terlitus
459 3327 743 3431 profitebatur.

672 3593 911 3626 mm
