<?xml version="1.0" encoding="UTF-8"?>
<!DOCTYPE html PUBLIC "-//W3C//DTD XHTML 1.0 Transitional//EN"
    "http://www.w3.org/TR/xhtml1/DTD/xhtml1-transitional.dtd">
<html xmlns="http://www.w3.org/1999/xhtml" xml:lang="en" lang="en">
 <head>
  <title>
</title>
<meta http-equiv="Content-Type" content="text/html;charset=utf-8" />
  <meta name='ocr-system' content='tesseract 3.04.00' />
  <meta name='ocr-capabilities' content='ocr_page ocr_carea ocr_par ocr_line ocrx_word'/>
</head>
<body>
  <div class='ocr_page' id='page_1' title='image "./bibliothecarhet01jaygoog/bibliothecarhet01jaygoog_0442.png"; bbox 0 0 2756 4414; ppageno 0'>
   <div class='ocr_carea' id='block_1_1' title="bbox 291 171 1233 506">
    <p class='ocr_par' dir='ltr' id='par_1_1' title="bbox 291 171 1233 506">
     <span class='ocr_line' id='line_1_1' title="bbox 292 171 992 312; baseline -0.046 0"><span class='ocrx_word' id='word_1_1' title='bbox 292 219 366 312; x_wconf 61' lang='lat' dir='ltr'><strong>Ml</strong></span> <span class='ocrx_word' id='word_1_2' title='bbox 545 171 992 288; x_wconf 67' lang='lat' dir='ltr'><strong>narrantes.</strong></span> 
     </span>
     <span class='ocr_line' id='line_1_2' title="bbox 291 336 1233 506; baseline -0.004 -92"><span class='ocrx_word' id='word_1_3' title='bbox 291 337 574 442; x_wconf 82' lang='lat' dir='ltr'><strong>periclitantique</strong></span> <span class='ocrx_word' id='word_1_4' title='bbox 591 336 821 506; x_wconf 57' lang='lat' dir='ltr'><strong>Reiriublicae.</strong></span> <span class='ocrx_word' id='word_1_5' title='bbox 849 339 941 432; x_wconf 90' lang='lat' dir='ltr'><strong>Iret,</strong></span> <span class='ocrx_word' id='word_1_6' title='bbox 970 337 1136 427; x_wconf 79' lang='lat' dir='ltr'><strong>ludices,</strong></span> <span class='ocrx_word' id='word_1_7' title='bbox 1153 365 1233 411; x_wconf 86' lang='lat' dir='ltr'><strong>rue-</strong></span> 
     </span>
    </p>
   </div>
   <div class='ocr_carea' id='block_1_2' title="bbox 190 435 1354 3259">
    <p class='ocr_par' dir='ltr' id='par_1_2' title="bbox 190 435 1354 1504">
     <span class='ocr_line' id='line_1_3' title="bbox 290 435 1234 536; baseline -0.006 -24"><span class='ocrx_word' id='word_1_8' title='bbox 290 456 368 529; x_wconf 84' lang='lat' dir='ltr'><strong>ret,</strong></span> <span class='ocrx_word' id='word_1_9' title='bbox 386 437 541 528; x_wconf 82' lang='lat' dir='ltr'><strong>volaret3</strong></span> <span class='ocrx_word' id='word_1_10' title='bbox 562 435 656 535; x_wconf 83' lang='lat' dir='ltr'><strong>rapit</strong></span> <span class='ocrx_word' id='word_1_11' title='bbox 697 463 765 507; x_wconf 91' lang='lat' dir='ltr'><strong>unc</strong></span> <span class='ocrx_word' id='word_1_12' title='bbox 783 435 941 526; x_wconf 88' lang='lat' dir='ltr'><strong>animus,</strong></span> <span class='ocrx_word' id='word_1_13' title='bbox 964 437 1091 508; x_wconf 86' lang='lat' dir='ltr'><strong>excitat</strong></span> <span class='ocrx_word' id='word_1_14' title='bbox 1111 438 1234 536; x_wconf 80' lang='lat' dir='ltr'><strong>patriae&#39;</strong></span> 
     </span>
     <span class='ocr_line' id='line_1_4' title="bbox 289 530 1233 634; baseline -0.001 -29"><span class='ocrx_word' id='word_1_15' title='bbox 289 533 529 624; x_wconf 85' lang='lat' dir='ltr'><strong>desiderium,</strong></span> <span class='ocrx_word' id='word_1_16' title='bbox 556 533 673 634; x_wconf 84' lang='lat' dir='ltr'><strong>gloriae</strong></span> <span class='ocrx_word' id='word_1_17' title='bbox 698 534 799 624; x_wconf 83' lang='lat' dir='ltr'><strong>sitis,</strong></span> <span class='ocrx_word' id='word_1_18' title='bbox 824 531 939 605; x_wconf 87' lang='lat' dir='ltr'><strong>laudis</strong></span> <span class='ocrx_word' id='word_1_19' title='bbox 966 561 1075 605; x_wconf 57' lang='lat' dir='ltr'><strong>amora</strong></span> <span class='ocrx_word' id='word_1_20' title='bbox 1090 530 1233 604; x_wconf 83' lang='lat' dir='ltr'><strong>inflam-</strong></span> 
     </span>
     <span class='ocr_line' id='line_1_5' title="bbox 190 629 1354 732; baseline -0.009 -27"><span class='ocrx_word' id='word_1_21' title='bbox 190 644 205 694; x_wconf 76' lang='grc' dir='ltr'>ἰ</span> <span class='ocrx_word' id='word_1_22' title='bbox 289 649 380 706; x_wconf 88' lang='lat' dir='ltr'><strong>mat.</strong></span> <span class='ocrx_word' id='word_1_23' title='bbox 404 633 457 703; x_wconf 92' lang='lat' dir='ltr'><strong>At</strong></span> <span class='ocrx_word' id='word_1_24' title='bbox 477 629 564 732; x_wconf 86' lang='lat' dir='ltr'><strong>quid</strong></span> <span class='ocrx_word' id='word_1_25' title='bbox 590 629 685 702; x_wconf 75' lang='lat' dir='ltr'><strong>iretl</strong></span> <span class='ocrx_word' id='word_1_26' title='bbox 703 630 780 701; x_wconf 91' lang='lat' dir='ltr'><strong>Ubi</strong></span> <span class='ocrx_word' id='word_1_27' title='bbox 802 630 951 704; x_wconf 76' lang='lat' dir='ltr'><strong>manual</strong></span> <span class='ocrx_word' id='word_1_28' title='bbox 976 633 1137 732; x_wconf 87' lang='lat' dir='ltr'><strong>pretiosae</strong></span> <span class='ocrx_word' id='word_1_29' title='bbox 1163 630 1233 702; x_wconf 84' lang='lat' dir='ltr'><strong>illae</strong></span> <span class='ocrx_word' id='word_1_30' title='bbox 1350 686 1354 695; x_wconf 96' lang='lat'>.</span> 
     </span>
     <span class='ocr_line' id='line_1_6' title="bbox 289 728 1230 830; baseline -0.003 -29"><span class='ocrx_word' id='word_1_31' title='bbox 289 729 521 830; x_wconf 77' lang='lat' dir='ltr'><strong>victricesque</strong></span> <span class='ocrx_word' id='word_1_32' title='bbox 545 755 696 818; x_wconf 86' lang='lat' dir='ltr'><strong>manus,</strong></span> <span class='ocrx_word' id='word_1_33' title='bbox 722 728 957 802; x_wconf 85' lang='lat' dir='ltr'><strong>instrumenta</strong></span> <span class='ocrx_word' id='word_1_34' title='bbox 990 728 1230 818; x_wconf 74' lang='lat' dir='ltr'><strong>tortitudinis,</strong></span> 
     </span>
     <span class='ocr_line' id='line_1_7' title="bbox 290 825 1232 938; baseline -0.003 -40"><span class='ocrx_word' id='word_1_35' title='bbox 290 844 405 899; x_wconf 85' lang='lat' dir='ltr'><strong>terror</strong></span> <span class='ocrx_word' id='word_1_36' title='bbox 430 825 609 918; x_wconf 87' lang='lat' dir='ltr'><strong>hostium,</strong></span> <span class='ocrx_word' id='word_1_37' title='bbox 643 826 861 938; x_wconf 77' lang='lat' dir='ltr'>Reipublicae</span> <span class='ocrx_word' id='word_1_38' title='bbox 889 827 1072 918; x_wconf 63' lang='lat' dir='ltr'><strong>columen,</strong></span> <span class='ocrx_word' id='word_1_39' title='bbox 1102 825 1232 898; x_wconf 86' lang='lat' dir='ltr'><strong>civium</strong></span> 
     </span>
     <span class='ocr_line' id='line_1_8' title="bbox 290 919 1233 1024; baseline -0.004 -28"><span class='ocrx_word' id='word_1_40' title='bbox 290 924 415 996; x_wconf 82' lang='lat' dir='ltr'><strong>salus!</strong></span> <span class='ocrx_word' id='word_1_41' title='bbox 445 925 531 1024; x_wconf 89' lang='lat' dir='ltr'><strong>quid</strong></span> <span class='ocrx_word' id='word_1_42' title='bbox 567 926 655 1016; x_wconf 84' lang='lat' dir='ltr'><strong>iret,</strong></span> <span class='ocrx_word' id='word_1_43' title='bbox 683 925 752 995; x_wconf 76' lang='lat' dir='ltr'><strong>nasi</strong></span> <span class='ocrx_word' id='word_1_44' title='bbox 782 941 823 996; x_wconf 91' lang='lat' dir='ltr'><strong>ut</strong></span> <span class='ocrx_word' id='word_1_45' title='bbox 847 925 886 996; x_wconf 91' lang='lat' dir='ltr'><strong>in</strong></span> <span class='ocrx_word' id='word_1_46' title='bbox 918 924 1037 996; x_wconf 85' lang='lat' dir='ltr'><strong>hostes</strong></span> <span class='ocrx_word' id='word_1_47' title='bbox 1070 919 1233 1022; x_wconf 87' lang='lat' dir='ltr'><strong>delapsus</strong></span> 
     </span>
     <span class='ocr_line' id='line_1_9' title="bbox 290 1019 1232 1122; baseline -0.002 -30"><span class='ocrx_word' id='word_1_48' title='bbox 290 1049 313 1092; x_wconf 90' lang='lat' dir='ltr'><strong>a</strong></span> <span class='ocrx_word' id='word_1_49' title='bbox 363 1039 438 1095; x_wconf 88' lang='lat' dir='ltr'><strong>eret</strong></span> <span class='ocrx_word' id='word_1_50' title='bbox 454 1022 614 1122; x_wconf 86' lang='lat' dir='ltr'><strong>praedam·</strong></span> <span class='ocrx_word' id='word_1_51' title='bbox 634 1049 674 1092; x_wconf 90' lang='lat' dir='ltr'><strong>ac</strong></span> <span class='ocrx_word' id='word_1_52' title='bbox 689 1019 931 1121; x_wconf 67' lang='lat' dir='ltr'><strong>triumphum?</strong></span> <span class='ocrx_word' id='word_1_53' title='bbox 975 1023 1038 1093; x_wconf 90' lang='lat' dir='ltr'><strong>uid</strong></span> <span class='ocrx_word' id='word_1_54' title='bbox 1059 1020 1097 1091; x_wconf 91' lang='lat' dir='ltr'><strong>in</strong></span> <span class='ocrx_word' id='word_1_55' title='bbox 1121 1019 1232 1092; x_wconf 82' lang='lat' dir='ltr'>aciem</span> 
     </span>
     <span class='ocr_line' id='line_1_10' title="bbox 290 1051 1236 1219; baseline -0.004 -29"><span class='ocrx_word' id='word_1_56' title='bbox 290 1051 450 1210; x_wconf 55' lang='lat' dir='ltr'><strong>visitaret,</strong></span> <span class='ocrx_word' id='word_1_57' title='bbox 470 1119 536 1190; x_wconf 90' lang='lat' dir='ltr'><strong>nisi</strong></span> <span class='ocrx_word' id='word_1_58' title='bbox 550 1120 595 1189; x_wconf 90' lang='lat' dir='ltr'><strong>ad</strong></span> <span class='ocrx_word' id='word_1_59' title='bbox 612 1135 744 1191; x_wconf 87' lang='lat' dir='ltr'><strong>certam</strong></span> <span class='ocrx_word' id='word_1_60' title='bbox 765 1119 915 1190; x_wconf 65' lang='lat' dir='ltr'><strong>necem?</strong></span> <span class='ocrx_word' id='word_1_61' title='bbox 970 1119 1012 1190; x_wconf 84' lang='lat' dir='ltr'><strong>isi</strong></span> <span class='ocrx_word' id='word_1_62' title='bbox 1032 1119 1111 1219; x_wconf 90' lang='lat' dir='ltr'><strong>quis</strong></span> <span class='ocrx_word' id='word_1_63' title='bbox 1132 1133 1236 1216; x_wconf 86' lang='lat' dir='ltr'><strong>putet</strong></span> 
     </span>
     <span class='ocr_line' id='line_1_11' title="bbox 289 1210 1234 1316; baseline -0.006 -26"><span class='ocrx_word' id='word_1_64' title='bbox 289 1213 364 1290; x_wconf 82' lang='lat' dir='ltr'><strong>fore</strong></span> <span class='ocrx_word' id='word_1_65' title='bbox 384 1210 487 1288; x_wconf 86' lang='lat' dir='ltr'><strong>illuin</strong></span> <span class='ocrx_word' id='word_1_66' title='bbox 510 1214 664 1288; x_wconf 82' lang='lat' dir='ltr'><strong>subsidio</strong></span> <span class='ocrx_word' id='word_1_67' title='bbox 685 1217 778 1308; x_wconf 89' lang='lat' dir='ltr'><strong>suis,</strong></span> <span class='ocrx_word' id='word_1_68' title='bbox 803 1219 866 1316; x_wconf 89' lang='lat' dir='ltr'><strong>qui</strong></span> <span class='ocrx_word' id='word_1_69' title='bbox 889 1217 955 1286; x_wconf 86' lang='lat' dir='ltr'><strong>sibi</strong></span> <span class='ocrx_word' id='word_1_70' title='bbox 973 1217 1046 1315; x_wconf 85' lang='lat' dir='ltr'><strong>ipse</strong></span> <span class='ocrx_word' id='word_1_71' title='bbox 1070 1216 1234 1312; x_wconf 82' lang='lat' dir='ltr'><strong>praesidio</strong></span> 
     </span>
     <span class='ocr_line' id='line_1_12' title="bbox 217 1312 1231 1412; baseline -0.006 -22"><span class='ocrx_word' id='word_1_72' title='bbox 217 1382 220 1390; x_wconf 94' lang='lat'>.</span> <span class='ocrx_word' id='word_1_73' title='bbox 289 1341 366 1386; x_wconf 85' lang='lat' dir='ltr'><strong>csse</strong></span> <span class='ocrx_word' id='word_1_74' title='bbox 392 1342 463 1386; x_wconf 91' lang='lat' dir='ltr'><strong>non</strong></span> <span class='ocrx_word' id='word_1_75' title='bbox 484 1315 618 1412; x_wconf 77' lang='lat' dir='ltr'><strong>possitl</strong></span> <span class='ocrx_word' id='word_1_76' title='bbox 647 1315 738 1400; x_wconf 75' lang='lat' dir='ltr'><strong>Sede</strong></span> <span class='ocrx_word' id='word_1_77' title='bbox 761 1341 801 1385; x_wconf 91' lang='lat' dir='ltr'><strong>er</strong></span> <span class='ocrx_word' id='word_1_78' title='bbox 824 1342 843 1384; x_wconf 95' lang='grc' dir='ltr'><strong>ο</strong></span> <span class='ocrx_word' id='word_1_79' title='bbox 869 1312 991 1405; x_wconf 85' lang='lat' dir='ltr'><strong>domi,</strong></span> <span class='ocrx_word' id='word_1_80' title='bbox 1013 1313 1231 1402; x_wconf 89' lang='lat' dir='ltr'><strong>Demarate‚</strong></span> 
     </span>
     <span class='ocr_line' id='line_1_13' title="bbox 290 1341 1233 1504; baseline -0.005 -19"><span class='ocrx_word' id='word_1_81' title='bbox 290 1412 418 1503; x_wconf 80' lang='lat' dir='ltr'><strong>miser,</strong></span> <span class='ocrx_word' id='word_1_82' title='bbox 436 1410 628 1504; x_wconf 85' lang='lat' dir='ltr'><strong>obscurus,</strong></span> <span class='ocrx_word' id='word_1_83' title='bbox 646 1411 764 1503; x_wconf 89' lang='lat' dir='ltr'><strong>iners,</strong></span> <span class='ocrx_word' id='word_1_84' title='bbox 791 1341 962 1503; x_wconf 66' lang='lat' dir='ltr'><strong>limonia,</strong></span> <span class='ocrx_word' id='word_1_85' title='bbox 989 1408 1107 1500; x_wconf 64' lang='lat' dir='ltr'><strong>iamt,</strong></span> <span class='ocrx_word' id='word_1_86' title='bbox 1126 1409 1233 1480; x_wconf 86' lang='lat' dir='ltr'><strong>rebus</strong></span> 
     </span>
    </p>

    <p class='ocr_par' dir='ltr' id='par_1_3' title="bbox 235 1507 1235 1998">
     <span class='ocr_line' id='line_1_14' title="bbox 290 1507 1235 1598; baseline -0.004 -18"><span class='ocrx_word' id='word_1_87' title='bbox 290 1510 465 1583; x_wconf 85' lang='lat' dir='ltr'><strong>universis</strong></span> <span class='ocrx_word' id='word_1_88' title='bbox 492 1509 695 1582; x_wconf 71' lang='lat' dir='ltr'><strong>destinatus.</strong></span> <span class='ocrx_word' id='word_1_89' title='bbox 718 1510 803 1582; x_wconf 84' lang='lat' dir='ltr'><strong>Jace</strong></span> <span class='ocrx_word' id='word_1_90' title='bbox 831 1509 869 1580; x_wconf 91' lang='lat' dir='ltr'><strong>in</strong></span> <span class='ocrx_word' id='word_1_91' title='bbox 892 1507 1072 1598; x_wconf 88' lang='lat' dir='ltr'><strong>tenebris,</strong></span> <span class='ocrx_word' id='word_1_92' title='bbox 1099 1507 1136 1576; x_wconf 91' lang='lat' dir='ltr'><strong>in</strong></span> <span class='ocrx_word' id='word_1_93' title='bbox 1164 1534 1235 1577; x_wconf 89' lang='lat' dir='ltr'><strong>sor-</strong></span> 
     </span>
     <span class='ocr_line' id='line_1_15' title="bbox 290 1603 1234 1705; baseline -0.005 -27"><span class='ocrx_word' id='word_1_94' title='bbox 290 1606 423 1698; x_wconf 84' lang='lat' dir='ltr'>dibus,</span> <span class='ocrx_word' id='word_1_95' title='bbox 447 1607 485 1678; x_wconf 88' lang='lat' dir='ltr'><strong>in</strong></span> <span class='ocrx_word' id='word_1_96' title='bbox 507 1606 630 1699; x_wconf 89' lang='lat' dir='ltr'><strong>luctu,</strong></span> <span class='ocrx_word' id='word_1_97' title='bbox 654 1603 822 1700; x_wconf 78' lang='lat' dir='ltr'><strong>familiae,</strong></span> <span class='ocrx_word' id='word_1_98' title='bbox 850 1605 916 1677; x_wconf 88' lang='lat' dir='ltr'><strong>tibi</strong></span> <span class='ocrx_word' id='word_1_99' title='bbox 966 1605 1134 1705; x_wconf 67' lang='lat' dir='ltr'><strong>asiaeque</strong></span> <span class='ocrx_word' id='word_1_100' title='bbox 1154 1605 1234 1674; x_wconf 91' lang='lat' dir='ltr'><strong>inu-</strong></span> 
     </span>
     <span class='ocr_line' id='line_1_16' title="bbox 289 1635 1234 1806; baseline -0.003 -32"><span class='ocrx_word' id='word_1_101' title='bbox 289 1705 361 1774; x_wconf 85' lang='lat' dir='ltr'><strong>tilis</strong></span> <span class='ocrx_word' id='word_1_102' title='bbox 388 1732 592 1777; x_wconf 85' lang='lat' dir='ltr'><strong>consenesce</strong></span> <span class='ocrx_word' id='word_1_103' title='bbox 620 1735 629 1776; x_wconf 72' lang='lat' dir='ltr'><strong>a</strong></span> <span class='ocrx_word' id='word_1_104' title='bbox 656 1703 791 1806; x_wconf 89' lang='lat' dir='ltr'><strong>hocque</strong></span> <span class='ocrx_word' id='word_1_105' title='bbox 820 1703 866 1775; x_wconf 86' lang='lat' dir='ltr'><strong>ad</strong></span> <span class='ocrx_word' id='word_1_106' title='bbox 895 1635 1020 1774; x_wconf 62' lang='lat' dir='ltr'><strong>doloris</strong></span> <span class='ocrx_word' id='word_1_107' title='bbox 1049 1702 1234 1774; x_wconf 87' lang='lat' dir='ltr'><strong>cumulum</strong></span> 
     </span>
     <span class='ocr_line' id='line_1_17' title="bbox 287 1797 1235 1914; baseline -0.001 -44"><span class='ocrx_word' id='word_1_108' title='bbox 287 1802 338 1871; x_wconf 87' lang='lat' dir='ltr'><strong>sit</strong></span> <span class='ocrx_word' id='word_1_109' title='bbox 352 1801 410 1892; x_wconf 47' lang='lat' dir='ltr'><strong>³tui</strong></span> <span class='ocrx_word' id='word_1_110' title='bbox 421 1853 432 1891; x_wconf 91' lang='lat'>‚</span> <span class='ocrx_word' id='word_1_111' title='bbox 461 1802 557 1914; x_wconf 72' lang='lat' dir='ltr'><strong>quod</strong></span> <span class='ocrx_word' id='word_1_112' title='bbox 578 1829 622 1873; x_wconf 88' lang='lat' dir='ltr'><strong>ne</strong></span> <span class='ocrx_word' id='word_1_113' title='bbox 637 1818 803 1913; x_wconf 71' lang='lat' dir='ltr'><strong>paternas</strong></span> <span class='ocrx_word' id='word_1_114' title='bbox 830 1800 975 1900; x_wconf 87' lang='lat' dir='ltr'><strong>quidem</strong></span> <span class='ocrx_word' id='word_1_115' title='bbox 994 1799 1141 1898; x_wconf 86' lang='lat' dir='ltr'><strong>injurias</strong></span> <span class='ocrx_word' id='word_1_116' title='bbox 1168 1797 1235 1870; x_wconf 90' lang='lat' dir='ltr'><strong>tibi</strong></span> 
     </span>
     <span class='ocr_line' id='line_1_18' title="bbox 235 1897 836 1998; baseline -0.003 -30"><span class='ocrx_word' id='word_1_117' title='bbox 235 1907 236 1912; x_wconf 76' lang='grc'>’</span> <span class='ocrx_word' id='word_1_118' title='bbox 290 1897 362 1968; x_wconf 85' lang='lat' dir='ltr'><strong>tuis</strong></span> <span class='ocrx_word' id='word_1_119' title='bbox 383 1925 559 1998; x_wconf 78' lang='lat' dir='ltr'><strong>graviores</strong></span> <span class='ocrx_word' id='word_1_120' title='bbox 577 1899 698 1970; x_wconf 77' lang='lat' dir='ltr'><strong>ulcrsci</strong></span> <span class='ocrx_word' id='word_1_121' title='bbox 720 1899 836 1968; x_wconf 88' lang='lat' dir='ltr'><strong>liceat.</strong></span> 
     </span>
    </p>

    <p class='ocr_par' dir='ltr' id='par_1_4' title="bbox 288 1991 1235 2190">
     <span class='ocr_line' id='line_1_19' title="bbox 342 1991 1235 2093; baseline -0.002 -28"><span class='ocrx_word' id='word_1_122' title='bbox 342 1995 555 2086; x_wconf 85' lang='lat' dir='ltr'><strong>Quidrestat</strong></span> <span class='ocrx_word' id='word_1_123' title='bbox 562 1995 688 2093; x_wconf 80' lang='lat' dir='ltr'><strong>igitur,</strong></span> <span class='ocrx_word' id='word_1_124' title='bbox 699 1996 722 2066; x_wconf 88' lang='lat' dir='ltr'><strong>J</strong></span> <span class='ocrx_word' id='word_1_125' title='bbox 723 1993 841 2065; x_wconf 88' lang='lat' dir='ltr'><strong>udices</strong></span> <span class='ocrx_word' id='word_1_126' title='bbox 855 2043 866 2084; x_wconf 86' lang='lat'><strong><em>,</em></strong></span> <span class='ocrx_word' id='word_1_127' title='bbox 879 1991 947 2064; x_wconf 88' lang='lat' dir='ltr'><strong>nisi</strong></span> <span class='ocrx_word' id='word_1_128' title='bbox 965 2007 1007 2063; x_wconf 86' lang='lat' dir='ltr'><strong>ut</strong></span> <span class='ocrx_word' id='word_1_129' title='bbox 1016 2016 1079 2092; x_wconf 85' lang='lat' dir='ltr'><strong>per</strong></span> <span class='ocrx_word' id='word_1_130' title='bbox 1092 1991 1235 2063; x_wconf 84' lang='lat' dir='ltr'><strong>acerbos</strong></span> 
     </span>
     <span class='ocr_line' id='line_1_20' title="bbox 288 2087 1231 2190; baseline -0.003 -28"><span class='ocrx_word' id='word_1_131' title='bbox 288 2089 482 2162; x_wconf 86' lang='lat' dir='ltr'><strong>liberorum</strong></span> <span class='ocrx_word' id='word_1_132' title='bbox 506 2091 640 2190; x_wconf 87' lang='lat' dir='ltr'><strong>ipsius,</strong></span> <span class='ocrx_word' id='word_1_133' title='bbox 668 2117 732 2190; x_wconf 90' lang='lat' dir='ltr'><strong>per</strong></span> <span class='ocrx_word' id='word_1_134' title='bbox 756 2087 895 2161; x_wconf 81' lang='lat' dir='ltr'><strong>afflictae</strong></span> <span class='ocrx_word' id='word_1_135' title='bbox 918 2089 1023 2184; x_wconf 73' lang='lat' dir='ltr'><strong>conju</strong></span> <span class='ocrx_word' id='word_1_136' title='bbox 1046 2090 1076 2160; x_wconf 91' lang='lat' dir='ltr'><strong>is</strong></span> <span class='ocrx_word' id='word_1_137' title='bbox 1094 2089 1231 2181; x_wconf 88' lang='lat' dir='ltr'><strong>luctus,</strong></span> 
     </span>
    </p>

    <p class='ocr_par' dir='ltr' id='par_1_5' title="bbox 253 2117 1259 2784">
     <span class='ocr_line' id='line_1_21' title="bbox 335 2117 1230 2288; baseline 0 -30"><span class='ocrx_word' id='word_1_138' title='bbox 335 2215 353 2258; x_wconf 93' lang='lat' dir='ltr'><strong>r</strong></span> <span class='ocrx_word' id='word_1_139' title='bbox 378 2187 504 2258; x_wconf 88' lang='lat' dir='ltr'><strong>urbem</strong></span> <span class='ocrx_word' id='word_1_140' title='bbox 535 2187 647 2279; x_wconf 88' lang='lat' dir='ltr'><strong>hanc,</strong></span> <span class='ocrx_word' id='word_1_141' title='bbox 673 2215 782 2288; x_wconf 87' lang='lat' dir='ltr'><strong>quam</strong></span> <span class='ocrx_word' id='word_1_142' title='bbox 810 2180 1002 2258; x_wconf 81' lang='lat' dir='ltr'><strong>simulacris</strong></span> <span class='ocrx_word' id='word_1_143' title='bbox 1024 2117 1230 2279; x_wconf 43' lang='lat' dir='ltr'><strong>{ecoraviu</strong></span> 
     </span>
     <span class='ocr_line' id='line_1_22' title="bbox 305 2283 1233 2383; baseline 0.002 -29"><span class='ocrx_word' id='word_1_144' title='bbox 305 2283 495 2354; x_wconf 74' lang='lat' dir='ltr'><strong>artitudine</strong></span> <span class='ocrx_word' id='word_1_145' title='bbox 520 2286 698 2376; x_wconf 82' lang='lat' dir='ltr'><strong>servavit,</strong></span> <span class='ocrx_word' id='word_1_146' title='bbox 723 2283 888 2383; x_wconf 77' lang='lat' dir='ltr'><strong>trophaeis</strong></span> <span class='ocrx_word' id='word_1_147' title='bbox 907 2284 1116 2376; x_wconf 80' lang='lat' dir='ltr'><strong>illustrarit,</strong></span> <span class='ocrx_word' id='word_1_148' title='bbox 1138 2313 1233 2356; x_wconf 89' lang='lat' dir='ltr'><strong>orem</strong></span> 
     </span>
     <span class='ocr_line' id='line_1_23' title="bbox 289 2379 1231 2481; baseline 0 -29"><span class='ocrx_word' id='word_1_149' title='bbox 289 2407 351 2452; x_wconf 89' lang='lat' dir='ltr'><strong>vos</strong></span> <span class='ocrx_word' id='word_1_150' title='bbox 374 2379 620 2481; x_wconf 84' lang='lat' dir='ltr'><strong>obtesterque,</strong></span> <span class='ocrx_word' id='word_1_151' title='bbox 635 2397 678 2451; x_wconf 90' lang='lat' dir='ltr'><strong>ut</strong></span> <span class='ocrx_word' id='word_1_152' title='bbox 693 2397 854 2472; x_wconf 88' lang='lat' dir='ltr'><strong>tantam,</strong></span> <span class='ocrx_word' id='word_1_153' title='bbox 873 2398 946 2452; x_wconf 88' lang='lat' dir='ltr'><strong>tarn</strong></span> <span class='ocrx_word' id='word_1_154' title='bbox 964 2408 1131 2481; x_wconf 84' lang='lat' dir='ltr'><strong>gravem,</strong></span> <span class='ocrx_word' id='word_1_155' title='bbox 1157 2399 1231 2452; x_wconf 87' lang='lat' dir='ltr'><strong>tam</strong></span> 
     </span>
     <span class='ocr_line' id='line_1_24' title="bbox 288 2474 1231 2578; baseline -0.003 -27"><span class='ocrx_word' id='word_1_156' title='bbox 288 2477 487 2551; x_wconf 83' lang='lat' dir='ltr'><strong>luctuosam</strong></span> <span class='ocrx_word' id='word_1_157' title='bbox 516 2474 758 2570; x_wconf 88' lang='lat' dir='ltr'><strong>fortunarum,</strong></span> <span class='ocrx_word' id='word_1_158' title='bbox 783 2475 887 2550; x_wconf 81' lang='lat' dir='ltr'><strong>famae</strong></span> <span class='ocrx_word' id='word_1_159' title='bbox 908 2506 948 2549; x_wconf 91' lang='lat' dir='ltr'><strong>ac</strong></span> <span class='ocrx_word' id='word_1_160' title='bbox 970 2479 1088 2578; x_wconf 85' lang='lat' dir='ltr'><strong>gloriae</strong></span> <span class='ocrx_word' id='word_1_161' title='bbox 1116 2479 1231 2576; x_wconf 86' lang='lat' dir='ltr'><strong>jactu-</strong></span> 
     </span>
     <span class='ocr_line' id='line_1_25' title="bbox 288 2574 1228 2676; baseline -0.003 -28"><span class='ocrx_word' id='word_1_162' title='bbox 288 2601 388 2666; x_wconf 83' lang='lat' dir='ltr'><strong>ram,</strong></span> <span class='ocrx_word' id='word_1_163' title='bbox 406 2601 516 2676; x_wconf 87' lang='lat' dir='ltr'><strong>quam</strong></span> <span class='ocrx_word' id='word_1_164' title='bbox 531 2575 690 2647; x_wconf 88' lang='lat' dir='ltr'><strong>abscissis</strong></span> <span class='ocrx_word' id='word_1_165' title='bbox 710 2574 875 2646; x_wconf 90' lang='lat' dir='ltr'><strong>manibus</strong></span> <span class='ocrx_word' id='word_1_166' title='bbox 891 2577 1104 2647; x_wconf 85' lang='lat' dir='ltr'><strong>Demaratus</strong></span> <span class='ocrx_word' id='word_1_167' title='bbox 1124 2575 1228 2668; x_wconf 81' lang='lat' dir='ltr'><strong>tulit,</strong></span> 
     </span>
     <span class='ocr_line' id='line_1_26' title="bbox 253 2670 1259 2784; baseline -0.002 -40"><span class='ocrx_word' id='word_1_168' title='bbox 253 2725 256 2729; x_wconf 90' lang='lat'><em>-</em></span> <span class='ocrx_word' id='word_1_169' title='bbox 315 2701 360 2744; x_wconf 89' lang='lat' dir='ltr'><strong>uo</strong></span> <span class='ocrx_word' id='word_1_170' title='bbox 386 2699 432 2744; x_wconf 93' lang='lat' dir='ltr'><strong>uo</strong></span> <span class='ocrx_word' id='word_1_171' title='bbox 461 2674 565 2745; x_wconf 87' lang='lat' dir='ltr'><strong>modo</strong></span> <span class='ocrx_word' id='word_1_172' title='bbox 599 2673 856 2773; x_wconf 77' lang='lat' dir='ltr'><strong>compensetis3</strong></span> <span class='ocrx_word' id='word_1_173' title='bbox 887 2670 1075 2743; x_wconf 85' lang='lat' dir='ltr'><strong>sublevetis</strong></span> <span class='ocrx_word' id='word_1_174' title='bbox 1107 2673 1259 2784; x_wconf 69' lang='lat' dir='ltr'><strong>Patris-¹</strong></span> 
     </span>
    </p>

    <p class='ocr_par' dir='ltr' id='par_1_6' title="bbox 287 2699 1230 3259">
     <span class='ocr_line' id='line_1_27' title="bbox 287 2699 1230 2872; baseline 0 -30"><span class='ocrx_word' id='word_1_175' title='bbox 287 2699 438 2842; x_wconf 64' lang='lat' dir='ltr'><strong>lamilias</strong></span> <span class='ocrx_word' id='word_1_176' title='bbox 466 2787 682 2872; x_wconf 82' lang='lat' dir='ltr'><strong>egestatem,</strong></span> <span class='ocrx_word' id='word_1_177' title='bbox 708 2769 989 2841; x_wconf 83' lang='lat' dir='ltr'><strong>excellentissimi</strong></span> <span class='ocrx_word' id='word_1_178' title='bbox 1013 2767 1144 2870; x_wconf 81' lang='lat' dir='ltr'><strong>opificrs</strong></span> <span class='ocrx_word' id='word_1_179' title='bbox 1168 2797 1230 2842; x_wconf 81' lang='lat' dir='ltr'><strong>ox-</strong></span> 
     </span>
     <span class='ocr_line' id='line_1_28' title="bbox 288 2866 1228 2968; baseline 0 -30"><span class='ocrx_word' id='word_1_180' title='bbox 288 2868 522 2968; x_wconf 83' lang='lat' dir='ltr'><strong>tinguendum</strong></span> <span class='ocrx_word' id='word_1_181' title='bbox 547 2866 690 2966; x_wconf 73' lang='lat' dir='ltr'><strong>posthac</strong></span> <span class='ocrx_word' id='word_1_182' title='bbox 723 2893 853 2938; x_wconf 87' lang='lat' dir='ltr'><strong>nomen</strong></span> <span class='ocrx_word' id='word_1_183' title='bbox 885 2867 1073 2960; x_wconf 85' lang='lat' dir='ltr'><strong>recreetis,</strong></span> <span class='ocrx_word' id='word_1_184' title='bbox 1101 2867 1228 2938; x_wconf 87' lang='lat' dir='ltr'><strong>obscu-</strong></span> 
     </span>
     <span class='ocr_line' id='line_1_29' title="bbox 288 2964 1230 3076; baseline 0.002 -42"><span class='ocrx_word' id='word_1_185' title='bbox 288 2989 366 3035; x_wconf 89' lang='lat' dir='ltr'><strong>ram</strong></span> <span class='ocrx_word' id='word_1_186' title='bbox 419 2965 503 3035; x_wconf 85' lang='lat' dir='ltr'><strong>civis</strong></span> <span class='ocrx_word' id='word_1_187' title='bbox 542 2965 664 3076; x_wconf 70' lang='lat' dir='ltr'><strong>optimi</strong></span> <span class='ocrx_word' id='word_1_188' title='bbox 707 2964 1034 3065; x_wconf 81' lang='lat' dir='ltr'><strong>generosissimique</strong></span> <span class='ocrx_word' id='word_1_189' title='bbox 1084 2965 1230 3066; x_wconf 81' lang='lat' dir='ltr'><strong>gloriam</strong></span> 
     </span>
     <span class='ocr_line' id='line_1_30' title="bbox 288 3061 1228 3162; baseline 0 -30"><span class='ocrx_word' id='word_1_190' title='bbox 288 3065 406 3132; x_wconf 74' lang='lat' dir='ltr'><strong>vostra</strong></span> <span class='ocrx_word' id='word_1_191' title='bbox 437 3077 643 3135; x_wconf 86' lang='lat' dir='ltr'><strong>auctontate</strong></span> <span class='ocrx_word' id='word_1_192' title='bbox 667 3061 870 3152; x_wconf 82' lang='lat' dir='ltr'><strong>illustretis,</strong></span> <span class='ocrx_word' id='word_1_193' title='bbox 898 3061 1029 3133; x_wconf 88' lang='lat' dir='ltr'><strong>damna</strong></span> <span class='ocrx_word' id='word_1_194' title='bbox 1051 3063 1126 3133; x_wconf 88' lang='lat' dir='ltr'><strong>haec</strong></span> <span class='ocrx_word' id='word_1_195' title='bbox 1153 3062 1228 3162; x_wconf 87' lang='lat' dir='ltr'><strong>ejus</strong></span> 
     </span>
     <span class='ocr_line' id='line_1_31' title="bbox 287 3158 1034 3259; baseline 0.001 -30"><span class='ocrx_word' id='word_1_196' title='bbox 287 3160 406 3230; x_wconf 86' lang='lat' dir='ltr'><strong>omnia</strong></span> <span class='ocrx_word' id='word_1_197' title='bbox 435 3162 583 3259; x_wconf 73' lang='lat' dir='ltr'><strong>paterna</strong></span> <span class='ocrx_word' id='word_1_198' title='bbox 605 3158 802 3232; x_wconf 83' lang='lat' dir='ltr'><strong>hereditate</strong></span> <span class='ocrx_word' id='word_1_199' title='bbox 821 3159 1034 3232; x_wconf 85' lang='lat' dir='ltr'><strong>resarciatis.</strong></span> 
     </span>
    </p>
   </div>
   <div class='ocr_carea' id='block_1_3' title="bbox 405 3333 1144 3570">
    <p class='ocr_par' dir='ltr' id='par_1_7' title="bbox 405 3333 1144 3570">
     <span class='ocr_line' id='line_1_32' title="bbox 405 3333 890 3416; baseline 0.002 -27"><span class='ocrx_word' id='word_1_200' title='bbox 405 3412 406 3416; x_wconf 7' lang='grc' dir='ltr'><strong>Ἰ</strong></span> <span class='ocrx_word' id='word_1_201' title='bbox 622 3333 890 3390; x_wconf 73' lang='lat' dir='ltr'><strong>oasr1o</strong></span> 
     </span>
     <span class='ocr_line' id='line_1_33' title="bbox 479 3451 1144 3570; baseline -0.005 -27"><span class='ocrx_word' id='word_1_202' title='bbox 479 3451 557 3543; x_wconf 77' lang='lat' dir='ltr'><strong>Pto</strong></span> <span class='ocrx_word' id='word_1_203' title='bbox 580 3467 838 3570; x_wconf 75' lang='lat' dir='ltr'><strong>Iogodoedalo</strong></span> <span class='ocrx_word' id='word_1_204' title='bbox 862 3470 1031 3570; x_wconf 80' lang='lat' dir='ltr'><strong>Elingur&#39;.</strong></span> <span class='ocrx_word' id='word_1_205' title='bbox 1142 3544 1144 3552; x_wconf 62' lang='grc'><strong>,</strong></span> 
     </span>
    </p>
   </div>
   <div class='ocr_carea' id='block_1_4' title="bbox 286 3629 1228 3830">
    <p class='ocr_par' dir='ltr' id='par_1_8' title="bbox 286 3629 1228 3830">
     <span class='ocr_line' id='line_1_34' title="bbox 322 3629 1228 3728; baseline 0.003 -28"><span class='ocrx_word' id='word_1_206' title='bbox 322 3629 360 3700; x_wconf 89' lang='lat' dir='ltr'><strong>Si</strong></span> <span class='ocrx_word' id='word_1_207' title='bbox 370 3629 529 3700; x_wconf 87' lang='lat' dir='ltr'><strong>unanimi</strong></span> <span class='ocrx_word' id='word_1_208' title='bbox 541 3629 698 3700; x_wconf 89' lang='lat' dir='ltr'><strong>omnium</strong></span> <span class='ocrx_word' id='word_1_209' title='bbox 710 3657 880 3703; x_wconf 88' lang='lat' dir='ltr'><strong>consensu</strong></span> <span class='ocrx_word' id='word_1_210' title='bbox 890 3655 1093 3728; x_wconf 85' lang='lat' dir='ltr'><strong>supremum</strong></span> <span class='ocrx_word' id='word_1_211' title='bbox 1103 3655 1228 3703; x_wconf 87' lang='lat' dir='ltr'><strong>aerum-</strong></span> 
     </span>
     <span class='ocr_line' id='line_1_35' title="bbox 286 3726 1225 3830; baseline 0.003 -33"><span class='ocrx_word' id='word_1_212' title='bbox 286 3751 415 3798; x_wconf 83' lang='lat' dir='ltr'><strong>narum</strong></span> <span class='ocrx_word' id='word_1_213' title='bbox 431 3726 613 3802; x_wconf 85' lang='lat' dir='ltr'><strong>cumulum</strong></span> <span class='ocrx_word' id='word_1_214' title='bbox 627 3727 768 3802; x_wconf 80' lang='lat' dir='ltr'><strong>videtur</strong></span> <span class='ocrx_word' id='word_1_215' title='bbox 784 3729 960 3830; x_wconf 79' lang='lat' dir='ltr'><strong>attigisse,</strong></span> <span class='ocrx_word' id='word_1_216' title='bbox 973 3727 1036 3828; x_wconf 89' lang='lat' dir='ltr'><strong>qui</strong></span> <span class='ocrx_word' id='word_1_217' title='bbox 1048 3755 1225 3830; x_wconf 78' lang='lat' dir='ltr'><strong>suaspro-</strong></span> 
     </span>
    </p>
   </div>
   <div class='ocr_carea' id='block_1_5' title="bbox 0 0 1382 4414">
    <p class='ocr_par' dir='ltr' id='par_1_9' title="bbox 0 0 1382 4414">
     <span class='ocr_line' id='line_1_36' title="bbox 0 0 1382 4414; baseline 0 1"><span class='ocrx_word' id='word_1_218' title='bbox 0 0 1382 4414; x_wconf 95' lang='lat' dir='ltr'><strong> </strong></span> 
     </span>
    </p>
   </div>
  </div>
 </body>
</html>
