2710 4418
302 155 376 232 208
481 144 486 166 '
565 175 976 228 annronrcrn

526 313 1009 404 Exnncmarro.

299 482 348 554 Io
363 500 547 550 morosam
559 477 765 550 Stoicorum
775 457 967 550 hominum
980 479 1242 568 severitatem,

348 577 417 676 qui
430 601 574 648 omnem
591 579 709 646 etiam
720 573 917 648 honestam
932 578 1052 650 animi
1070 575 1240 652 oblecta·-

347 677 487 748 nonem
498 689 687 774 respuunt.

570 818 671 880 Locus
694 819 713 876 a
738 816 964 881 similitudine.

587 952 609 1014 S
629 949 660 1010 Y
681 948 714 1011 N
736 949 764 1010 Ο
785 950 810 1010 Ρ
832 951 854 1011 S
875 951 892 1010 1
913 951 948 1012 S.

297 1098 418 1161 Enord.
442 1046 601 1163 Dmnr
622 1098 757 1174 Orator,
778 1095 897 1160 Stoicos
913 1113 950 1159 ut
967 1097 1073 1160 multia
1082 1101 1116 1160 in
1125 1100 1243 1182 rebus,

296 1183 340 1240 sic
362 1184 395 1240 in
410 1185 583 1242 animorum
602 1182 777 1262 cognitione
796 1181 973 1262 peregrinos
992 1193 1085 1264 atque
1100 1181 1239 1266 hospite·

295 1264 445 1323 extitisse.

295 1350 296 1353 ’
326 1337 1239 1428 ἙτοροεὶτὶοιιεωεῐῖοηοιΡετΙιιτεηηὸαιίοηοηι.Ναωφιὶἆ

294 1425 435 1506 ineptum
449 1429 566 1509 magis,
590 1427 682 1506 quam
701 1427 825 1506 rejicere
837 1443 960 1484 omnem
985 1429 1081 1486 animi
1100 1427 1239 1490 oblecta-

294 1506 432 1568 tionem?
446 1522 504 1568 etc.
1194 1523 1204 1533 “

336 1587 500 1649 Rationem
515 1588 646 1666 afferet,
665 1589 741 1669 quia
755 1605 792 1646 ea
812 1601 859 1648 eat
874 1589 972 1648 animi
982 1603 1117 1668 natura,
1138 1605 1175 1652 ut
1186 1613 1239 1655 aa·

294 1669 385 1730 aidul
401 1674 598 1730 contentione
616 1669 784 1751 frangatur.

333 1751 603 1812 Confirmationem
611 1755 721 1834 petetb
733 1749 965 1832 similitudine,
982 1767 1013 1814 et
1030 1756 1062 1812 1⁰
1077 1755 1202 1836 quidem
1218 1759 1238 1816 ὰ

292 1831 446 1895 Parabold
468 1835 623 1909 narrabit,
645 1835 693 1893 uti
717 1831 853 1895 Villicus
878 1849 989 1895 terram
1013 1835 1237 1898 fertilissimam

292 1918 405 1976 naturb
426 1919 505 1992 sub,
528 1915 601 1975 dum
624 1915 752 1976 eandem
775 1915 897 1975 assidue
920 1919 1013 1976 nimis
1030 1915 1108 1977 fodit
1129 1932 1160 1978 et
1179 1943 1239 1980 ex-

292 1995 390 2076 colit,
403 1997 509 2072 fecerit
519 1997 665 2059 sterilem.
682 1997 815 2057 Ornabit
828 1997 1010 2058 Parabolam
1026 1998 1239 2084 Hypotiposi,

292 2079 355 2158 qua
379 2079 529 2140 describet
548 2079 705 2138 hominem
730 2081 765 2137 in
791 2080 928 2158 arando,
953 2081 988 2140 in
1011 2079 1179 2162 fodiendo,
1201 2087 1237 2143 in

291 2161 421 2222 serendo
445 2161 615 2222 assiduum.
630 2162 703 2241 Quo
718 2161 840 2221 demum
853 2159 960 2222 exitui
982 2177 1041 2224 etc.
1061 2163 1165 2224 Addet
1179 2166 1239 2226 hoc

290 2242 393 2382 {ptumi
412 2247 535 2304 evenire
555 2247 591 2302 in
605 2246 718 2304 animis
736 2247 830 2303 etiam
851 2246 935 2304 natis
951 2245 990 2303 ad
1012 2243 1152 2306 ferendos
1168 2263 1238 2308 stu·

313 2327 414 2384 iorum
435 2324 552 2386 fructus
570 2348 586 2386 e
623 2328 728 2408 egios,
749 2327 776 2384 si
795 2327 927 2386 nimiirm
949 2324 1127 2409 fatigentur.

333 2411 381 2466 2⁰.
403 2407 487 2468 Idem
499 2349 661 2489 proballit,
681 2429 736 2490 per
752 2407 965 2468 Inductionem
982 2430 1083 2468 rerum
1101 2424 1161 2470 tam
1177 2432 1236 2470 na-

289 2487 440 2548 turalium
462 2493 554 2570 quam
568 2503 633 2550 arte
647 2487 820 2564 factarum,
844 2512 913 2569 quae
932 2493 1131 2549 cessationem
1153 2489 1236 2551 tla-

291 2569 365 2630 bore
386 2571 554 2651 postulant.
575 2574 655 2650 Agri
679 2574 772 2631 etiam
791 2571 972 2630 feracissimi
993 2573 1085 2630 tertio
1107 2593 1234 2654 quoque

288 2663 374 2712 anno
386 2656 532 2712 sinuntur*
543 2655 744 2732 requiescere.
755 2654 856 2711 Arcus
869 2655 895 2710 si
909 2653 1056 2712 continue
1069 2654 1235 2736 tendatur,

288 2732 441 2816 frangitur
457 2759 465 2794 r
481 2755 528 2793 res
546 2731 692 2814 quaelibet
702 2755 760 2792 usu
776 2733 984 2815 frequentiore
997 2739 1179 2802 conteritur.

330 2815 377 2877 3⁰.
394 2814 610 2898 Exemplorum
623 2813 821 2893 collectione,
840 2819 936 2896 puta,
955 2815 1088 2898 Lepidi,
1102 2817 1231 2898 Catuli,

288 2897 465 2981 Scipionis,
492 2898 607 2976 Latii,
630 2900 684 2978 qui
708 2899 925 2980 sapientissimi
947 2897 1047 2957 habiti
1072 2899 1111 2960 ab
1128 2904 1232 2976 omui·

288 2977 365 3057 bus,
384 2976 566 3040 relaxabant
580 2980 734 3040 interdum
752 2984 915 3058 animum,
941 2977 1044 3060 soliti,
1073 3003 1128 3062 per
1150 2985 1232 3043 Bru·

288 3076 390 3122 torum
410 3063 515 3122 hortos
530 3062 679 3122 ‘discincti
699 3062 815 3123 ludere.
835 3063 873 3122 Β.
899 3062 1031 3122 Joannis
1049 3061 1233 3147 Evangelia·

251 3201 264 3214 ,
287 3157 350 3221 tae,
373 3166 465 3226 quern
483 3147 516 3203 in
531 3142 699 3203 solitudine
714 3149 769 3205 sub
789 3146 892 3206 ferunt
910 3167 979 3205 cum
994 3144 1116 3205 aviculi
1129 3145 1230 3206 collu-

289 3229 385 3306 εἰμες
406 3228 538 3308 supremi
553 3231 653 3286 etiam
668 3247 771 3287 rerum
793 3231 932 3288 omnium
952 3227 1147 3303 Conditoris,
1173 3231 1229 3307 qui

288 3321 360 3392 post
375 3329 428 3368 aex
443 3308 563 3370 dierum
575 3307 735 3388 laborent,
758 3313 887 3392 septimo
903 3309 1026 3370 tandem
1039 3310 1226 3452 conpulerit.

292 3463 298 3480 ι
329 3388 500 3454 concludet
515 3389 709 3475 explodendo
721 3393 834 3490 Stoicae
842 3393 1012 3480 severitatis
1023 3411 1100 3454 amu
1115 3403 1229 3454 atores.
1254 3431 1261 3446 ·
1329 3405 1341 3424 ¹
