2756 4414
319 189 392 284 '450
585 195 998 296 rs‘rrrroxrc'ffl

318 315 508 388 sidendum
534 314 574 384 in
599 304 810 405 commune,
839 311 879 382 id
904 311 953 383 sic
982 311 1187 414 ademptum
1209 321 1263 392 ert

286 423 288 428 '
318 411 491 504 Zeuxidi,
516 426 558 482 ut
576 409 810 482 exheredatus
830 409 877 492 ab
898 409 960 482 ills
985 437 1059 484 esse
1084 411 1257 486 videaur.
1324 493 1328 498 ,

367 512 416 581 Et
436 508 501 580 hoc
521 508 666 610 quidem
685 513 726 579 eh
739 507 880 609 gravius
895 507 1003 580 debet
1017 508 1070 582 illi
1086 510 1260 604 accidere,

317 607 416 708 quod
439 608 479 679 in
501 603 731 678 informandis
753 605 916 704 penicillo
936 606 1180 708 coloribusque
1195 635 1261 680 na·

318 723 409 778 turae
428 701 590 805 operibus
601 703 872 796 versatissimus,
883 705 1089 778 eorumdem
1103 704 1261 805 pulchri·

318 803 480 875 tudinem
510 800 761 875 eruditioribus
795 810 943 876 noverat
971 801 1079 875 oculis
1115 801 1260 884 intueri.

264 947 269 958 ·
318 899 390 972 Sed
408 901 493 1001 quid
515 899 590 971 haeo
608 897 742 972 leviora
757 899 974 1000 persequorl
992 899 1185 975 Oculorum
1205 899 1264 974 vel

315 996 393 1097 ipsa
403 999 522 1090 sedes,
538 993 725 1070 artificium
733 1013 770 1068 et
780 1023 911 1073 munus
923 997 1134 1098 dignitatem
1142 1023 1266 1070 eorum

205 1173 209 1188 ¹
316 1095 543 1196 pretiumque
556 1096 640 1167 satis
662 1093 834 1166 indicant.
856 1095 1042 1186 Quantum
1060 1097 1156 1166 enim
1180 1101 1265 1168 verb

318 1193 476 1266 studium
494 1191 533 1264 in
546 1193 591 1264 iis
604 1191 824 1265 elaborandis
835 1189 1038 1264 adhibuisse
1048 1207 1179 1265 natura
1188 1193 1267 1267 visa

317 1307 392 1384 est,
415 1319 503 1405 quos
519 1292 626 1364 variis
649 1287 901 1390 integumentis
922 1316 963 1361 ac
984 1288 1094 1362 veluti
1106 1317 1169 1390 pro
1195 1318 1264 1392 ug-

317 1389 454 1470 naculrs
473 1388 588 1461 texit?
620 1387 750 1490 quibus
777 1405 952 1488 tanquam
967 1319 1266 1486 speculatoribus,

317 1487 529 1576 altissimum
548 1487 586 1558 in
611 1487 725 1588 capite
754 1483 945 1586 assignavit
965 1483 1102 1579 lo'cum,
1127 1512 1172 1559 ex
1195 1513 1268 1588 quo

317 1603 447 1658 cuncta
470 1584 778 1685 circumspicerent
801 1601 838 1656 ct
860 1583 1205 1684 contemplarenturl
1222 1585 1267 1656 In

262 1732 265 1740 .
318 1685 454 1756 caeteris
475 1683 635 1755 sensibus
652 1681 798 1772 lusisse,
817 1696 859 1753 ut
874 1680 924 1752 ita
942 1680 1077 1774 dicum,
1092 1681 1169 1754 risa
1189 1698 1265 1776 θεῖς

317 1797 357 1852 at
372 1809 516 1860 omnem
531 1781 569 1852 in
585 1777 813 1851 ell'ormandis
832 1777 941 1850 oculis
961 1779 1189 1890 sagacitatem
1206 1795 1272 1872 at·⁸

97 1953 102 1974 ‚
317 1903 391 1980 que
411 1877 590 1950 solertiam
608 1875 785 1950 exhausit.
804 1877 947 1946 Etverb
964 1877 1101 1975 quadiu
1116 1891 1190 1948 toto
1202 1875 1268 1949 ho·

185 2039 190 2049 ,
254 2039 258 2048 ,
317 1975 414 2048 mine
430 1977 674 2074 praestantius,
690 1973 777 2072 quid
785 1969 959 2063 nobilius,
981 1971 1069 2084 quid
1083 1973 1269 2073 pulchrius

315 2073 443 2162 oculis,
491 2071 556 2141 uid
573 2068 710 2162 utilius,
728 2069 815 2170 quid
831 2093 1069 2140 necessarrmn
1085 2071 1218 2172 magici
1234 2073 1269 2145 Ii

313 2185 399 2240 sunt
418 2167 487 2240 fide
559 2167 669 2240 arrimi
682 2167 919 2258 internuncii,
936 2193 983 2239 ex
1020 2166 1126 2240 uibus
1142 2197 1269 2244 recon-

313 2265 460 2338 ditiores
478 2291 601 2338 sensus
616 2265 872 2366 percipiuntur.
892 2194 1077 2356 Quoddux
1088 2266 1128 2338 in
1139 2268 1266 2362 asnis,

315 2363 356 2441 in
370 2364 459 2440 coslo
477 2363 550 2456 sol,
576 2363 615 2434 in
636 2363 706 2436 sole
726 2362 840 2455 radii,
863 2357 902 2433 id
925 2363 1016 2435 oculi
1042 2366 1081 2437 iu
1105 2365 1264 2440 homine.

316 2465 429 2536 Astra
445 2463 474 2534 si
486 2462 679 2562 privaveris
691 2461 770 2534 luce
780 2514 792 2555 ,
802 2459 932 2533 molem
944 2461 1107 2534 inutilem
1118 2489 1269 2562 suspen·

317 2561 371 2632 dis
386 2561 494 2652 0oe103
514 2559 547 2631 si
559 2560 690 2633 coelum
708 2559 802 2652 sole,
820 2559 850 2631 si
872 2559 1109 2630 radiisexuas
1126 2561 1266 2655 solem,

299 2658 501 2758 publicum
527 2659 653 2730 mundi
666 2657 808 2730 oculum
825 2655 1010 2746 subducis,
1028 2682 1183 2730 excaecas
1194 2685 1271 2730 na·

315 2771 436 2832 ursam
449 2810 472 2848 ,.
485 2753 666 2828 confundis
683 2755 802 2826 omnia
817 2781 858 2824 ac
874 2753 1076 2866 permisces.
1097 2755 1269 2832 Conlodis

315 2851 453 2928 homini
481 2854 619 2927 oculosl
638 2853 762 2926 vivum
783 2879 822 2922 ac
841 2867 1034 2951 spirantem
1054 2851 1184 2927 infodis
1204 2882 1266 2926 se·

265 2981 297 3068 't'
316 2955 457 3059 pulcro,
476 2952 598 3034 mortis
618 2951 816 3064 anticipatae
829 2949 985 3022 tenebris
998 2951 1167 3044 involvis,
1187 2980 1270 3053 pre-

245 3113 247 3126 .
317 3053 506 3128 tiosissimd
516 3077 637 3122 rerum
648 3075 808 3122 ommum
816 3048 891 3122 virs
902 3047 1057 3151 vitaeque
1069 3050 1170 3123 bonis
1182 3054 1276 3148 anth

317 3169 391 3228 tem
418 3177 458 3222 us
483 3146 666 3248 exspolias.

368 3181 512 3322 liienim
524 3275 571 3318 an
586 3245 647 3319 illa
657 3246 733 3319 vita
744 3261 816 3337 est,
839 3271 887 3317 an
906 3272 977 3318 non
988 3245 1153 3320 habenda
1169 3271 1271 3319 mors

317 3349 434 3450 potius
445 3399 456 3437 ,
481 3348 554 3447 qud
573 3345 654 3446 quis
675 3343 875 3422 dulcissimo
903 3341 1054 3417 fratrum
1074 3361 1110 3416 et
1130 3343 1269 3416 amico·

318 3473 401 3528 rum
421 3459 607 3545 conspectu
625 3442 809 3542 privaturi
830 3445 907 3516 Hoc
924 3460 1045 3514 tamen
1062 3458 1139 3533 est,
1167 3443 1271 3554 quod

346 3545 453 3616 atitm
466 3542 596 3614 Zeuxis
612 3571 620 3612 r
642 3541 758 3632 Vivit,
776 3542 840 3612 sed
853 3541 902 3612 itt
911 3540 1018 3631 vivit,
1034 3556 1176 3612 utmors
1188 3567 1272 3640 rpsa

318 3567 411 3718 bret
426 3641 479 3714 illi
504 3639 700 3753 expetenda
715 3639 827 3741 magis
848 3639 957 3740 quim
973 3640 1059 3710 vita.
1086 3637 1268 3728 Utinam,

318 3739 463 3818 Judioes
474 3791 487 3832 ,
503 3753 641 3814 utrnam
667 3737 761 3812 inter
784 3753 940 3812 moturos
961 3731 1272 3838 foretlrrralormn
