2756 4414
242 162 346 250 ‚ha
533 177 951 234 nnrronrcm

272 296 380 382 atque
405 279 697 378 tranquillitatem
730 279 982 393 ¹conquerituri
1016 278 1149 352 Saltem
1179 277 1211 371 si

270 376 413 450 remotis
439 375 580 448 arbitn‘s
602 377 673 449 sola
685 429 697 470 ,
724 378 753 448 si
774 377 975 476 pnvatim,
989 377 1018 447 si
1040 378 1208 448 conclusis

271 472 462 545 insedibus
477 473 587 546 dolori
600 475 822 567 indulsisset,
840 474 869 546 si
888 475 1112 562 abstinuisset
1126 499 1208 573 pro-

273 570 350 642 dire
375 571 414 642 in
441 570 643 670 publicum,
666 569 851 646 ferendum
879 573 917 644 id
937 600 1007 674 quo
1033 599 1078 643 uo
1109 571 1211 642 modo

242 745 244 748 ,
274 667 387 739 rideri
402 668 601 837 puniisset,
628 671 813 763 Quirites,
830 670 1006 742 etimbec'
1037 669 1114 740 'toti
1130 695 1211 739 mu-

207 777 213 807 l
272 763 377 836 liebri
416 771 545 838 ortasse
569 769 851 840 condonandum.
877 771 929 840 At
954 767 1089 840 venisse
1115 765 1212 836 illam

191 919 195 924 ·
275 862 598 964 frequentissimum
623 865 741 964 populi
763 867 868 938 totius
891 865 930 937 in
961 879 1212 963 conspectum3

230 1025 250 1046 κ
277 963 401 1036 Romae
432 961 622 1035 exultantis
656 990 697 1034 ac
723 962 973 1061 ttiunrpbantis
1002 961 1130 1062 gaudia
1157 960 1216 1042 in·

277 1059 484 1157 tempestivo
510 1059 634 1151 luctu,
659 1059 827 1160 plausum
859 1060 1071 1160 gemitibus,
1099 1057 1216 1156 lacry-

278 1155 345 1228 mis
364 1156 544 1248 laetitiam,
562 1155 667 1229 festas
687 1157 845 1229 omnium
864 1157 1128 1229 acclamationes
1145 1155 1217 1224 im-

278 1254 438 1366 portunis
460 1255 612 1354 querelis
638 1254 912 1328 interturbans!
934 1253 1018 1325 Non
1037 1251 1221 1324 erubuerit

278 1347 402 1423 mielir
421 1351 548 1424 mulier
572 1352 689 1424 dolere
711 1351 831 1452 palam
846 1353 891 1424 de
915 1350 1093 1422 communi
1113 1349 1220 1420 liber-

273 1465 381 1540 tate,
403 1475 512 1548 quam
529 1449 588 1522 vel
607 1448 684 1521 fuso
700 1477 762 1522 san
787 1449 870 1522 uine
887 1448 977 1519 bene
1000 1448 1220 1546 redemptam

280 1543 406 1619 fratres
425 1545 480 1619 sui
497 1547 722 1620 laetarentur!
739 1478 933 1620 limoniam
945 1546 1044 1617 illam
1063 1543 1221 1615 omnium

277 1641 319 1716 in
332 1643 448 1716 oculis
471 1645 644 1736 detestata
663 1648 727 1736 sit,
746 1671 826 1746 quae
843 1643 992 1733 salutem
1013 1641 1096 1713 huic
1115 1640 1218 1730 urbi,

282 1742 508 1814 securitatem
538 1733 670 1841 Populo
695 1745 858 1836 Romano,
881 1737 1088 1812 ‘attulisseti
1118 1738 1222 1808 Hanc

276 1836 449 1910 inusserit
476 1835 620 1911 familiae
648 1855 775 1911 nostrae
798 1838 943 1929 labem,
969 1852 1011 1907 ut
1039 1859 1112 1907 una
1136 1859 1223 1932 par·

284 1950 360 2006 tam
384 1952 483 2007 tanto
530 1936 617 2006 retio
641 1953 788 2007 servatae
813 1937 935 2006 Romae
960 1931 1107 2033 gloriam
1123 1931 1225 2002 nobis

198 2039 207 2049 “
284 2031 475 2103 invideret!
523 2036 524 2044 ’
546 2031 746 2104 alueritilla
762 2031 900 2104 salvum
919 2057 993 2120 esse
1015 2030 1222 2130 conjugem,

278 2131 394 2229 quam
426 2128 517 2227 eripi
553 2133 770 2230 quemquam
804 2132 824 2200 ὸ
862 2128 935 2199 suis
966 2128 1010 2198 de
1043 2125 1221 2226 periculo,

276 2227 399 2324 quam
419 2227 557 2323 patr'em
585 2227 718 2298 servari
732 2253 789 2304 ⁴¹su
815 2226 972 2297 erstitem
991 2277 1002 2315 ,
1024 2229 1132 2324 quarn
1154 2224 1224 2296 vic-

285 2321 410 2394 tricem
435 2324 587 2394 Romam
610 2324 765 2422 gaudere
786 2253 975 2394 iibertatei
998 2323 1046 2392 Et
1060 2321 1125 2392 hoc
1148 2321 1223 2390 Ro-

277 2446 413 2492 -manus
434 2421 579 2518 impune
591 2470 607 2507 ‚
630 2418 696 2492 hoc
716 2419 888 2492 libertatis
906 2419 1035 2491 vindex
1052 2421 1097 2488 ”et
1115 2441 1226 2488 asser-

287 2535 367 2610 tor,
393 2517 458 2589 boc
476 2517 645 2590 Horatius
668 2518 821 2592 victoriae
844 2541 981 2615 compos
997 2513 1226 2612 pertulisset?

287 2641 358 2686 non
379 2615 588 2688 vindicasset
604 2615 663 2685 vel
680 2615 821 2715 proprio
840 2613 879 2684 in
899 2611 1069 2724 sanguine
1091 2611 1228 2682 illatam

278 2713 458 2786 :Romanae
508 2712 603 2785 loriae
619 2709 808 2811 injuriam?
825 2725 966 2810 turpem
978 2708 1225 2808 ignominiam,

288 2811 413 2911 patriae
441 2742 609 2912 progbrum
634 2837 674 2881 ac
699 2809 873 2901 dedecus,
901 2807 1016 2907 segnis
1050 2834 1092 2880 ac
1111 2806 1235 2900 lentus

225 2979 234 2992 ,
288 2925 463 3007 spectator
476 2937 514 3006 as
561 2907 694 2980 risset?
801 2945 805 2953 =

280 3053 284 3058 -
340 3007 411 3078 Sed
440 3006 501 3107 qui
542 3030 606 3106 ego
630 3005 688 3076 hle
711 3003 850 3075 moturi
874 3003 903 3075 si
929 3027 1062 3074 novum
1084 3001 1173 3072 illud
1193 3013 1230 3070 et

290 3103 470 3177 insolitum
480 3105 649 3192 Romanae
659 3101 832 3172 libertatis
852 3100 1010 3171 studium
1029 3103 1135 3199 poena
1151 3098 1187 3168 di
1211 3139 1229 3152 ·

282 3259 286 3267 .
339 3229 402 3274 um
428 3219 507 3293 θεῖς
536 3200 566 3272 si
592 3197 914 3290 foeminaeimbellis
931 3197 1006 3272 vita
1024 3197 1165 3268 videtur
1183 3123 1228 3262 d·

319 3315 430 3372 ertate
456 3299 591 3398 potior,
624 3299 654 3368 si
686 3311 836 3390 assonor
868 3294 1027 3393 ejusdem
1057 3290 1230 3362 libertatis

252 3415 257 3422 “
293 3397 431 3470 nullum
462 3397 558 3468 aliud
584 3395 725 3468 virtutis
752 3391 844 3464 ferre
870 3391 1053 3494 premium
1080 3385 1228 3476 debuit,

293 3511 421 3594 praeter
442 3491 573 3566 infame
589 3492 810 3591 patibulum,
829 3490 859 3561 si
874 3485 1040 3560 statuistis
1056 3485 1151 3598 apud
1167 3509 1230 3555 vos

283 3594 461 3665 -victorem
476 3587 678 3662 Horatium
716 3588 882 3687 supplicio
911 3578 1228 3683 capitis,1nfortu·

293 3707 419 3762 natum
437 3706 575 3789 patrem
594 3687 692 3760 luctu
710 3687 858 3786 perdere
873 3712 884 3756 r
899 3679 990 3758 nihil
1005 3703 1070 3782 ego
1082 3693 1232 3754 mortem
