2760 4416
335 252 511 298 essen
559 250 865 300 securnns.
1000 228 1072 301 523

137 347 200 448 qui
216 375 274 421 me
287 367 440 440 norunt,
461 376 531 420 non
547 375 663 420 msam
672 401 685 442 ‚
705 349 767 420 sed
782 349 991 441 multorum,
1011 353 1074 453 qui

137 445 219 518 huic
239 446 367 546 judicio
386 448 583 539 intersunt,
602 474 745 518 oausam
761 445 963 518 defendere.
1177 529 1180 538 Α

186 546 240 616 Αο
256 544 370 643 primo
388 544 558 657 quidem,
580 545 659 646 quis
676 545 832 658 palmam
847 529 1003 644 ingenii,
1037 561 1074 616 et

137 641 235 712 dotes
254 669 374 714 omnes
389 670 424 712 111
449 643 520 715 enii
538 643 745 744 appendices
765 642 905 714 Pusillis
922 641 1073 714 homini-

136 737 202 809 bus
221 765 296 809 non
316 670 507 812 concedat?
536 740 735 854 Respicite,
762 738 888 811 amabo
910 767 997 830 vos,
1026 739 1074 812 ed

134 834 246 933 ipsam
254 839 405 936 cor-poris
416 836 734 923 conformationeni.
745 837 914 914 Crederes
922 837 1073 910 voluisse
1153 915 1159 922 ,
1255 855 1258 862 ’

133 949 298 1008 naturam
310 937 516 1034 parcitatem
527 936 703 1028 materies,
727 953 769 1006 ut
785 935 832 1007 sic
849 935 998 1036 loquar,
1018 931 1072 1028 fe7

3 1045 4 1064 ¹
115 1027 1072 1147 'licioreingemivendcompensareVirtus,utaiunt,

132 1128 234 1198 unita
249 1125 392 1221 fortior3
413 1132 538 1204 eadem
555 1159 619 1230 per
631 1159 840 1206 immensam
856 1130 985 1202 molem
1004 1127 1072 1200 dif-

2 1283 8 1291 .
132 1221 211 1296 lusa
231 1228 401 1300 emoritur
419 1229 700 1329 propemodum,
730 1246 768 1301 et
791 1229 853 1302 vix
875 1219 1073 1300 ullum'sut

111 1357 114 1375 ι
132 1323 321 1423 vestigium
338 1322 431 1398 fords
470 1326 585 1398 rodire
599 1328 745 1426 patitur.
768 1326 859 1419 Quis
875 1325 987 1396 nescit
999 1325 1072 1396 vim

131 1419 222 1520 ignis
234 1449 278 1494 ex
291 1423 428 1494 ardenti
441 1355 581 1496 limace
596 1423 875 1524 prorumpentis,
891 1440 955 1494 aut
966 1425 985 1493 ὲ
998 1438 1073 1493 tor-

131 1535 251 1588 mento
261 1519 386 1592 bellico
394 1522 491 1593 mille
502 1522 694 1596 evomentis
710 1522 813 1594 neces
823 1520 838 1592 ἓ
848 1521 942 1592 unde
952 1535 1074 1592 autem

132 1631 233 1689 tonte
247 1617 392 1718 utrique
404 1609 579 1712 efficacia,
597 1620 665 1692 nisi
682 1619 767 1720 quia
782 1617 971 1719 utrobique
983 1617 1074 1730 ignis
1176 1659 1178 1666 ,

130 1713 282 1810 stipatus
300 1733 337 1788 et
357 1741 570 1817 compressus
586 1718 623 1789 in
640 1717 839 1818 angustiore
855 1715 956 1806 loco,
982 1713 1074 1786 mhil

130 1809 294 1909 deperdit
308 1813 423 1887 insitas
438 1814 601 1906 virtutis,
620 1815 682 1887 sed
694 1832 894 1906 actuosam,
912 1818 985 1915 qul
999 1811 1074 1919 pol-

129 1906 201 1996 let,
224 1909 298 1980 vim
311 1927 421 1983 toturn
439 1914 562 1984 exerit.

179 2005 262 2076 Nou
282 2007 385 2080 aliter
400 2009 495 2109 ignei
516 2037 531 2080 s
556 2009 682 2099 intus,
707 2008 770 2108 qui
786 2025 903 2080 motus
918 2007 997 2079 illos
1013 2031 1074 2078 ce·

129 2101 220 2174 leres
240 2099 426 2196 efficiunt,
454 2038 556 2178 andi
578 2103 776 2180 effervescit
797 2099 1007 2206 ingenium,
1042 2105 1075 2176 si

130 2199 253 2270 latiore
277 2200 315 2270 in
340 2227 481 2300 corpore
507 2202 694 2293 habitent,
733 2205 909 2302 segniores
937 2199 1074 2280 liabent

128 2295 303 2393 irnpetus,
329 2312 366 2370 et
387 2297 426 2368 in
444 2298 520 2398 ipsd
541 2297 706 2370 domicilii
722 2299 778 2368 sui
799 2300 964 2368 vastitate
989 2325 1073 2368 con-

13 2417 17 2426 ·
128 2393 325 2493 sopiuntur.
361 2393 433 2466 Sed
458 2394 545 2493 quid
570 2393 765 2466 rationibus
789 2419 875 2491 opus
899 2409 979 2484 est,
1009 2391 1074 2465 ubi

127 2489 162 2562 lo
188 2490 286 2563 uitur
300 2491 545 2590 experientia?
577 2492 725 2584 Quoties
748 2491 928 2564 enimvero
949 2490 1070 2564 videre

128 2516 225 2661 voltis
242 2588 366 2682 licuit,
390 2589 534 2663 Judices
544 2639 555 2680 ,
578 2588 738 2662 homines
757 2589 858 2679 illos,
878 2615 942 2660 seu
958 2587 1073 2687 potius

127 2687 299 2778 colossos,
319 2687 358 2758 in
381 2687 511 2786 quibus
530 2688 630 2760 nulla
648 2703 724 2759 erat
747 2685 838 2756 mica
865 2685 973 2776 salis,
1003 2685 1080 2782 hog

128 2783 240 2856 mines
257 2783 363 2854 obesl
378 2809 487 2878 nare,
508 2811 631 2898 segnes
648 2837 660 2876 ,
685 2782 925 2858 testudineus.
951 2782 1072 2880 plum·
1162 2790 1166 2800 ‘

130 2879 243 2952 beust
265 2876 428 2952 Conferte
448 2881 512 2954 hos
529 2881 665 2980 stipites
687 2907 770 2951 cum
792 2879 961 2978 pygmaeis
977 2878 1070 2972 illis,

130 2993 173 3048 nt
200 2993 354 3067 vocant,
386 2979 515 3070 nanis,
551 2975 802 3076 pumilionibus
820 3027 831 3066 ,
866 2991 903 3047 et
921 2976 950 3048 si
974 2977 1072 3077 quod

129 3076 301 3175 praetered
316 3101 445 3152 nomen
466 3075 505 3146 in
526 3091 686 3148 nostrum
705 3089 944 3171 contemptum
967 3075 1071 3146 inve-

129 3188 285 3264 nerunt3
306 3171 449 3245 stanute
466 3189 633 3286 utrosque
649 3173 688 3244 in
704 3171 860 3260 circulis3
879 3171 947 3241 illis
960 3171 1072 3244 haeret
1097 3163 1118 3183 ⁸
1181 3209 1188 3222 .

130 3297 152 3342 e
177 3297 225 3342 ua
246 3269 403 3371 ubique;
433 3268 471 3340 hi
495 3271 552 3343 vel
572 3298 610 3340 ru
635 3271 722 3342 sicco
742 3267 947 3368 reperiunt,
975 3270 1072 3342 unde

126 3365 167 3439 lu
193 3385 255 3439 snt
272 3368 318 3440 sd
336 3367 569 3438 ebrietatems
594 3365 648 3439 illi
664 3365 753 3438 nihil
768 3382 956 3466 argutum,
979 3366 1072 3438 nihil

1 3508 3 3513 ,
127 3465 333 3580 ingeniose,
361 3481 424 3538 aut
441 3461 590 3537 feliciter
614 3463 799 3537 inventum
820 3460 1000 3556 efferunt3
1031 3463 1071 3538 hi

131 3564 214 3660 jocis
229 3562 386 3636 innocuis
407 3579 519 3636 coetus
537 3561 756 3656 exhilarant3
779 3562 997 3637 hauriuntin
1013 3562 1070 3632 di-

130 3659 202 3732 vite
218 3660 351 3774 ingenii
366 3661 466 3753 sinu,
487 3661 582 3734 undd
595 3658 808 3775 locupletent
825 3687 951 3832 efenos
960 3688 972 3752 3
990 3658 1070 3732 salit

121 3757 263 3862 ,ubique
285 3759 417 3860 ingenii
431 3757 518 3872 :lons
538 3813 552 3855 ,
588 3761 756 3833 condiunt
781 3785 844 3860 per
860 3733 1068 3860 unduntque
