2756 4414
299 185 372 282 474
562 204 973 274 ιεειξτοιξιω

297 309 336 380 in
344 305 490 380 Liberos
504 322 582 378 tuos
593 306 745 400 involat,
765 305 942 406 lapidibus
954 303 1241 408 eosdemgobruit,

289 405 363 506 ,qui
396 419 579 502 parentem
609 405 720 478 multb
753 403 931 478 lubentius
966 402 1151 486 obruisset.
1179 405 1242 476 Tu

163 553 166 562 ι
230 515 238 524 “
324 501 405 573 aulb
466 516 511 592 st,
523 519 704 604 perempto
717 501 873 576 hostium
882 503 999 594 Duce,
1016 501 1160 574 redisin
1176 529 1241 574 ur·

194 685 198 694 .
298 530 406 688 bem,
440 599 557 684 elicior
578 603 698 692 certe,
722 603 831 702 qudm
852 600 1033 699 prudens,
1054 600 1117 698 qui
1133 600 1243 670 Rem-

297 693 477 808 publicam
490 750 502 788 ,
515 698 584 770 nisi
597 724 653 770 res
665 697 732 770 tibi
748 725 794 771 ex
809 697 984 771 sententid
999 695 1240 787 successisset,

183 801 189 810 '
297 821 338 866 m
360 811 557 866 extremum
578 795 766 868 discrimen
788 797 997 870 adduxeras.
1028 794 1126 867 Nam
1154 795 1243 896 quid

299 907 383 991 agat
414 892 559 1005 periculi
589 911 752 966 metuens
783 894 958 996 populus,
985 894 1048 994 qui
1073 891 1244 993 praepcsi·

298 1005 378 1060 tum
404 989 471 1062 sibi
499 992 639 1065 Ducem
659 988 826 1066 defecisse
849 992 962 1066 hostes
981 987 1243 1090 conqueratur?

300 1087 421 1183 Quam
445 1112 544 1188 spem
566 1089 749 1164 habuisset
775 1090 897 1182 aliam,
918 1090 986 1160 uisi
1007 1105 1049 1160 ut
1069 1087 1261 1187 panderet

300 1201 416 1352 plortas
448 1184 636 1299 bostibus,
673 1203 709 1260 et
730 1189 874 1334 mssm'l.
898 1184 1244 1354 ἀεᾶἰῐίᾳηῶοζέοῐοιήε

298 1285 1076 1470 εεεεεεεεξεξεξξεεε,
1099 1407 1145 1452 ξ
1161 1309 1242 1491 ξε

299 1493 425 1576 gatum
443 1481 587 1552 resciret
603 1479 735 1554 hostis?
752 1481 836 1554 Non
858 1498 937 1556 erat
953 1507 1037 1580 ergo
1052 1479 1091 1549 in
1115 1475 1180 1548 hac
1196 1505 1244 1548 cr·

299 1573 409 1648 vitate
435 1578 591 1676 prudens
608 1579 736 1682 aliquis
761 1581 1014 1681 Magistratus,
1037 1574 1137 1674 eujus
1159 1572 1244 1646 fidei

297 1672 508 1752 inusitatum
523 1672 657 1750 facinus
681 1677 860 1750 crederes3
909 1678 947 1750 ui
964 1673 1047 1748 facti
1066 1672 1242 1762 conscius,

267 1770 274 1800 ¹
298 1773 395 1872 quod
412 1773 654 1866 meditabare,
672 1775 845 1888 placasset
870 1705 983 1890 Plebi⁸
999 1772 1154 1862 animos,
1172 1769 1245 1842 iras

298 1867 517 1969 mitigasset,
536 1873 756 1971 praestitisset
781 1890 1028 1960 securitatem,
1047 1884 1083 1940 et
1100 1867 1248 1939 laetioris

297 1966 411 2038 exitiis
432 1971 709 2066 expectationem
724 1971 936 2040 suscitasset.

349 2065 467 2134 Tuam
478 2065 543 2136 tibi
552 2065 787 2136 calamitatem
796 2067 953 2164 imputa,
993 2061 1247 2154 naminAcoe·

298 2176 371 2230 tem
388 2157 518 2232 flustra
538 2157 709 2234 refundis.
731 2163 829 2234 Nam
851 2163 940 2264 quid
998 2175 1111 2232 coetes
1139 2155 1242 2250 fecit,

296 2257 321 2329 J
322 2255 459 2347 udices,
478 2259 575 2358 quod
585 2256 700 2332 facere
717 2260 852 2332 bonum
864 2259 978 2333 civem
992 2285 1064 2330 non
1075 2253 1244 2330 deoebatt

297 2357 360 2426 An
382 2371 475 2426 stare
497 2356 622 2428 debuit
640 2356 759 2430 lentus
784 2375 820 2430 et
835 2358 992 2447 otiosus,
1013 2356 1076 2456 qui
1098 2353 1246 2454 periculi

230 2459 235 2467 '
298 2453 446 2528 sentiret
468 2447 776 2555 magnitudinem?
795 2483 841 2528 an
856 2455 1034 2528 nonadire
1052 2453 1244 2551 Magistra-

297 2566 400 2639 tum,
420 2577 528 2649 quem
541 2580 655 2624 unum
673 2578 874 2626 succimere
889 2579 989 2653 posse
1006 2547 1145 2622 afflictae
1163 2549 1249 2620 urbi

298 2645 530 2745 intelligeret?
553 2649 649 2719 Cedo
697 2651 760 2721 uid
784 2650 900 2740 aliud,
925 2648 1124 2747 Iphicrate,
1149 2647 1245 2747 quod

296 2741 336 2812 in
353 2744 485 2816 Acoete
499 2743 628 2843 repreh
744 2745 759 2816 l
777 2747 859 2818 Nisi
879 2743 969 2818 forte
985 2746 1023 2816 id
1045 2743 1155 2816 etiam
1173 2745 1242 2816 cri-

298 2839 404 2914 minis
426 2841 569 2912 nomine
588 2843 840 2943 imputandum
865 2861 989 2944 putes,
1011 2842 1172 2944 qubdvir
1194 2859 1246 2914 te·

257 3013 261 3021 ,
298 2937 379 3010 nuis
391 2965 431 3010 ac
447 2965 586 3038 pauperi
598 2967 670 3016 uno
685 2939 834 3040 publicae
846 2942 968 3012 salutis
985 2941 1156 3013 adductus
1169 2956 1245 3012 stu·
1367 2989 1368 2992 =

299 3035 358 3107 dio
373 3035 412 3108 id
427 3063 532 3110 ausus
548 3055 625 3130 est,
650 3039 746 3140 quod
767 3037 835 3112 viri
850 3038 987 3112 nobiles
1004 3040 1063 3111 vel
1078 3055 1175 3109 metu
1189 3036 1245 3108 tui

298 3133 473 3226 nominis,
490 3135 548 3208 vel
558 3137 751 3210 amicorum
760 3137 1115 3210 tuorumauctoritate
1126 3135 1244 3206 deter-

297 3231 360 3302 riti
375 3228 489 3305 facere
504 3229 741 3348 refugiebant.
761 3235 906 3310 Novum
916 3237 1072 3326 crimen,
1086 3233 1243 3324 Judices,

298 3345 355 3419 et,
373 3331 403 3401 si
426 3331 698 3445 quidlpbicrati
710 3309 910 3427 dredirnus,
930 3351 1085 3408 extremo
1106 3330 1245 3429 suppli-

298 3428 353 3498 cio
377 3429 613 3528 expiandum!

350 3525 391 3597 Si
408 3543 529 3600 tamen
550 3528 794 3603 mulctandum
804 3531 960 3632 putatis,
978 3525 1073 3628 quod
1088 3551 1247 3597 commu-

298 3623 356 3698 nis
373 3625 534 3697 utilitatis
551 3627 666 3726 gratia
680 3647 864 3728 peccatum
886 3643 959 3716 est,
982 3623 1062 3724 quis
1078 3622 1202 3696 deince

240 3795 243 3802 ,
300 3735 399 3794 tento
413 3749 493 3798 cum
512 3723 675 3823 periculo
693 3728 818 3826 patriar
842 3722 1023 3798 cantuset
1045 3721 1125 3824 quis
1173 3721 1180 3736 '
1223 3763 1240 3778 -
