2760 4416
298 227 369 299 508
558 243 970 326 nnsronress

297 343 542 418 commercium
559 394 569 435 ,
584 338 713 416 infeste
727 344 849 444 piratis
871 371 911 416 ac
926 342 1147 442 praedonibus
1158 339 1237 414 lierl

297 440 624 532 maria,neelibera
633 443 794 543 deinceps
804 443 1057 514 mutandarum
1066 441 1237 513 mercium

268 529 282 556 ⁸
296 535 445 611 facultas
472 565 663 636 superesse.
696 539 792 610 Tum
818 541 962 612 demum
983 557 1100 610 actum
1119 555 1172 609 est
1191 539 1239 612 de

297 632 417 728 nobis3
429 631 666 736 frigescimus,
684 637 823 710 lucrum
836 661 939 709 omne
957 654 1089 728 cessat,
1107 651 1238 707 etcum

298 731 488 806 lucrovita.
508 735 627 835 Atque
644 735 781 807 utinam
798 735 975 836 praeterita
991 733 1163 805 bellorum
1179 759 1240 802 ca·

298 829 437 908 lamitas
454 831 568 902 minus
589 831 627 902 id
653 831 789 933 liquido
812 831 1007 905 docuisset!
1030 833 1112 902 Huc
1133 828 1242 900 hodie

298 955 355 1001 res
378 944 494 1000 nostra
521 927 647 1015 rediit,
671 945 732 1020 ut,
759 946 822 1002 aut
852 929 942 1002 nihil
969 930 1147 1018 vendere,
1177 939 1243 997 aut

136 1097 144 1106 ,
298 1023 397 1118 nullo
418 1025 552 1125 pretio,
575 1042 658 1117 aut,
678 1027 772 1125 ‹ffd
791 1029 892 1126 pejus
908 1044 961 1100 est
971 1081 983 1120 ,
1002 1027 1112 1099 dubit
1128 1023 1244 1096 incer-

213 1187 223 1200 ,
299 1124 337 1194 ιὰ
362 1149 407 1194 ue
422 1138 619 1222 emptorum
639 1121 708 1196 fide
728 1136 866 1226 necesse
891 1126 949 1196 sit.

338 1149 420 1293 bed
442 1220 559 1320 ipsum
623 1221 672 1292 cis
696 1237 860 1322 tempus,
891 1223 970 1322 quis
998 1219 1139 1310 credat,
1170 1242 1244 1288 non

301 1317 414 1418 magis
430 1248 652 1390 commoliim
667 1335 729 1391 aut
744 1345 788 1418 op
867 1345 978 1390 unum
993 1317 1093 1388 nobis
1108 1311 1243 1388 rideri?

303 1414 365 1508 Sic
379 1431 457 1506 est,
483 1416 649 1507 ludices,
672 1443 741 1515 pax
766 1419 779 1488 i
805 1444 828 1488 a
846 1433 920 1488 tam
950 1417 1063 1488 amica
1086 1413 1243 1501 caeteris,

301 1510 468 1584 omnibus
497 1530 572 1586 tam
595 1514 789 1614 expetenda
813 1513 903 1585 nihil
928 1513 1116 1585 admodbm
1144 1509 1248 1623 juvat

302 1611 560 1702 Mercatorem3
581 1627 663 1704 aut,
686 1613 715 1682 si
758 1612 820 1684 uid
838 1608 926 1683 fortb
951 1609 1105 1682 conferre
1120 1607 1245 1679 videa-

302 1723 365 1779 tur
384 1707 651 1782 sollicitudinem
672 1640 764 1782 cer&
784 1727 891 1809 atque
916 1711 1247 1801 anxietatemun-

302 1829 413 1903 quarn
430 1805 576 1876 adimits
596 1807 682 1878 dum
698 1833 830 1879 merces
843 1823 994 1896 nostrae,
1012 1806 1040 1876 si
1055 1829 1134 1905 quae
1147 1817 1247 1892 sunt,
1345 1873 1362 1900 ἱ

304 1917 407 1992 v‘ots,
428 1929 529 2016 spes,
550 1903 624 1975 vita
645 1905 721 2002 ipsa
743 1901 797 1975 fra
822 1904 829 1920 ’
848 1905 890 1974 ’ὲ
906 1903 1026 1973 tabula
1040 1917 1250 1972 ventorum-

303 1998 538 2098 queludrbrio
549 2000 761 2110 dependent.
810 2025 913 2069 amen
923 1995 1251 2069 haecunavitandae

303 2119 375 2193 pau
421 2096 519 2165 rtatis
533 2112 621 2166 ratio
633 2146 652 2186 ,.
664 2109 704 2166 ut
716 2091 844 2166 infesta
860 2094 1019 2194 procellis
1040 2121 1079 2166 ac
1099 2109 1271 2192 tempes-.

303 2191 371 2261 tati
397 2217 438 2261 us
463 2191 576 2262 marla
598 2198 768 2291 perpetub
795 2194 1045 2284 decurramus3
1067 2206 1109 2261 ut
1132 2215 1251 2290 neque

303 2283 442 2386 frigoris
452 2288 640 2387 asperitate
650 2340 661 2379 ,
672 2315 789 2388 neque
801 2289 931 2360 aestatis
944 2288 1127 2360 ardoribus
1139 2303 1253 2358 retar-

305 2385 433 2461 demur
441 2435 452 2477 ,
471 2401 513 2455 ut
528 2385 701 2457 continuis
718 2385 836 2484 jactati
849 2387 1083 2486 periculorum
1095 2383 1251 2476 casibus,

307 2508 429 2562 omncs
445 2483 543 2581 ponti
561 2484 712 2584 coelique
730 2485 843 2554 minas
863 2485 1108 2556 sustineamus.

357 2579 540 2651 Saltem-si
558 2597 611 2650 tot
633 2581 726 2650 inter
747 2579 910 2672 labores,
934 2579 1062 2692 quibus
1083 2578 1253 2678 defungi-

307 2701 417 2764 mur,
439 2701 517 2773 spcs
546 2675 667 2773 aliqua
693 2675 813 2774 glories
828 2677 963 2748 misens
987 2672 1193 2776 affulgeret!
1224 2675 1256 2746 si

308 2773 446 2855 summa
471 2795 592 2840 rerum
615 2787 815 2843 nostrarum
839 2773 880 2844 in
903 2799 949 2844 an
998 2775 1066 2844 stit
1088 2770 1252 2844 stimulus

294 2867 424 2950 „laudis
448 2865 576 2967 aliquis
596 2865 851 2966 subjiceretur!
880 2871 910 2942 si
957 2876 1020 2941 um
1030 2864 1260 2942 obluctemur

309 2965 484 3038 sentisse
513 2966 781 3065 tempestatibus
805 2993 878 3039 sem
903 2967 1026 3040 iternae
1048 2965 1151 3040 lamae
1172 2995 1251 3038 me-

310 3063 423 3152 moria
443 3062 598 3162 jacentes
629 3063 837 3136 suscitaret!
911 3093 970 3137 am
994 3067 1073 3167 quis
1096 3066 1251 3156 nesciat,

310 3160 435 3261 quales
461 3159 627 3231 accendat
650 3160 782 3234 anirnos
802 3163 849 3234 ad
872 3191 1001 3264 magna
1023 3191 1172 3265 quaeque
1194 3189 1254 3232 co·

312 3257 435 3358 gitatin
455 3257 690 3370 posteritatis,
716 3275 753 3331 et
776 3261 1001 3334 consecrandi
1025 3279 1190 3334 venturas
1215 3259 1257 3330 in

166 3394 170 3402 ·
220 3365 225 3371 “
315 3371 436 3429 aetates
452 3355 602 3432 nominis
625 3357 829 3457 expectatio.
852 3358 1044 3432 Pulchrum
1059 3374 1111 3430 est
1136 3357 1255 3440 enim-

313 3459 397 3524 verb
416 3451 581 3524 insudare
595 3453 798 3549 laboribus,
821 3457 906 3528 dom
923 3484 1054 3529 merces
1075 3472 1147 3536 tarn
1173 3453 1254 3553 glo·
1341 3497 1345 3506 ·

314 3551 407 3624 riosa
429 3551 634 3653 proponitur
644 3579 656 3642 3
679 3553 779 3624 dulce
796 3571 850 3626 est
867 3554 1043 3654 sanguinis
1085 3551 1172 3623 retio
1188 3579 1256 3623 no-

222 3659 224 3668 '
316 3648 423 3719 minis
441 3651 495 3720 sui
516 3649 817 3723 immortalitatem
836 3653 1040 3752 promereri.
1060 3579 1185 3720 brevis
1201 3665 1255 3721 est

314 3743 374 3822 ille
392 3746 475 3820 vitae
496 3747 722 3848 quantumvis
741 3775 896 3850 operosae
910 3747 1159 3824 rel-diuturnae
1172 3775 1274 3820 cur--
