2710 4418
4 287 5 290 Ἴ
305 225 831 302 enarrarunt.
971 228 1039 319 195

4 319 6 438 ξ
84 316 240 400 illorum
261 327 440 398 obliterari
454 331 689 424 memoriam,
715 337 858 436 quise,
882 341 968 412 dum
989 345 1040 414 vi-

4 439 6 468 l
88 441 224 508 serent
236 477 247 518 ,
261 425 525 498 immortalitate
539 428 659 528 dignos
677 435 927 529 praestiterunt.
943 439 1040 512 Cedo

87 524 191 594 enim
213 523 393 594 nationem
419 521 602 596 hominum
628 527 808 628 aliquam,
837 550 910 606 tam
930 537 1041 609 incul.

88 637 193 710 tam,
209 637 284 691 tam
294 637 490 733 agrestem,
511 639 585 692 tam
598 622 807 720 barbaram,
822 634 917 730 apud
930 661 1039 734 quam

90 718 211 789 multa
231 745 344 789 omme
369 719 507 818 generis
529 741 757 796 monumenta
782 754 852 798 non
873 747 1036 824 exstent,

90 815 229 915 quibus
252 843 309 887 res
334 814 567 914 &majoribus
590 821 661 890 suis
689 819 807 922 aliqud
833 855 913 900 cum
934 829 1039 902 laude

92 929 204 1013 gestae
228 913 532 984 commendantur.

4 1099 6 1104 ,
146 1010 249 1102 Quid
272 1015 378 1109 porrb
409 1019 530 1082 omnes
554 1011 701 1106 litterae,
732 1018 819 1118 quid
849 1021 1040 1122 disciplinas

91 1106 286 1198 liberales,
315 1109 401 1208 quid
420 1125 554 1180 caeterae
577 1107 747 1184 inferioris
776 1119 926 1190 nominis
946 1140 1039 1194 artes

93 1205 221 1276 volunt
235 1237 247 1296 3
268 1223 330 1276 aut
345 1205 561 1306 loquuntur?
578 1210 697 1300 Quem
712 1211 856 1286 demum
872 1216 917 1288 ob
931 1217 1040 1292 finem

94 1303 251 1374 inventae
271 1317 400 1373 ettam
420 1304 608 1403 diligenter
628 1310 799 1401 excultae,
816 1313 882 1384 nisi
902 1332 944 1386 ut
960 1345 1039 1388 ma-

146 1429 247 1475 orum
283 1401 439 1473 virorum
475 1403 593 1570 {lorias
631 1401 912 1480 famularentur?
941 1415 1040 1504 Quid

4 1563 5 1576 2
94 1429 163 1570 {¹1¹⁰
189 1497 311 1570 uentid
340 1499 476 1570 admira
501 1499 610 1572 ilius?
636 1504 723 1602 quid
749 1505 849 1578 Poesi
875 1509 1039 1582 dulciusi

96 1527 189 1696 quid
214 1597 355 1668 Pictura
381 1597 438 1682 rel
467 1597 652 1696 Sculpuua
680 1603 838 1700 gratiusl
876 1631 957 1706 quaa
983 1609 1040 1679 vel

95 1695 250 1766 inventae
273 1698 472 1794 nusquam,
495 1696 551 1766 vel
578 1697 615 1766 in
644 1715 724 1770 ortu
750 1699 827 1798 ipso
854 1704 1040 1802 coepissent

78 1791 336 1883 obsolescere,
357 1793 424 1864 nisi
444 1793 483 1864 in
500 1798 782 1892 representandis
801 1827 863 1870 suo
888 1827 969 1900 quea
995 1829 1040 1876 ue

97 1891 203 1962 niodo
217 1889 487 1962 clarissimorum
504 1889 686 1964 hominum
707 1895 895 1968 virtutibus
919 1829 1040 1970 elabo-

96 2007 246 2062 rassent.
261 1991 294 2059 O
305 1987 410 2060 nullis
425 1988 508 2060 satis
522 1991 783 2086 praedicandum
797 1995 961 2068 laudibus
974 2025 1039 2097 pa-

96 2087 219 2158 randae
232 2085 426 2158 illustribus
436 2085 554 2185 gloriae
566 2088 648 2160 viris
663 2089 891 2185 desiderium,
905 2091 1041 2195 absque

123 2213 169 2254 uo
187 2213 259 2257 non
276 2211 474 2256 careremus
496 2185 599 2256 modo
622 2203 696 2258 tam
714 2189 860 2290 egregiis
883 2193 1041 2266 omnium

135 2283 244 2355 rtium
268 2284 524 2374 monumentis,
548 2284 610 2356 sed
637 2311 683 2356 ne
712 2287 868 2386 ipsarum
897 2289 1041 2387 quidem

96 2407 228 2452 nomen
255 2379 480 2452 haberemus.

146 2480 257 2572 Quod
271 2479 301 2549 si
315 2496 451 2550 naturae
463 2505 553 2570 vox,
568 2480 786 2552 eruditorum
800 2484 1013 2556 consuetudo
1026 2538 1042 2577 ,

5 2625 7 2646 .
96 2577 274 2648 unanimis
283 2577 492 2690 populorum
504 2601 689 2650 consensus
701 2630 713 2668 ,
726 2577 870 2652 Artium
883 2582 1042 2678 omniurn

97 2675 231 2746 indoles
258 2692 294 2746 et
329 2675 503 2746 mdustria
536 2675 835 2748 immortalitatem
861 2679 904 2752 iis
928 2681 1044 2752 vindi-

98 2791 198 2864 cant,
220 2773 283 2874 qui
304 2773 425 2872 aliqua
449 2773 588 2846 virtutis
610 2775 738 2866 laude,
755 2775 841 2846 ddm
861 2777 1038 2868 viverent,
1102 2815 1111 2832 ·

5 2931 6 2938 ,
96 2866 319 2962 floruerunt3
337 2886 470 2972 quanto
494 2872 619 2970 potiori
642 2871 743 2968 jure,
767 2873 829 2973 qui
845 2875 950 2948 Artes
976 2905 1038 2950 cu·

102 2967 308 3068 'uscumque
332 2969 469 3070 generis
500 2986 691 3061 exercent,
726 2969 770 3042 de
806 2975 1040 3072 comparanda

96 2997 276 3139 liudovico
294 3069 425 3168 Magno
448 3067 596 3138 nominis
622 3068 885 3142 immortalitate
913 3072 1040 3167 cogita-

96 3163 207 3258 bunt3
235 3166 297 3267 qui
316 3191 387 3236 non
405 3164 524 3264 aliqud
541 3167 694 3256 virtute,
716 3168 777 3237 sed
792 3167 953 3238 universo
965 3167 1037 3238 uir·

5 3307 6 3356 3
95 3279 216 3334 tutum
248 3263 389 3365 agmine
408 3264 574 3336 circumse
600 3260 680 3353 tus',
705 3264 829 3351 dotes,
858 3289 938 3361 quae
968 3293 1072 3364 cra,1
1088 3317 1198 3378 ,oum

94 3377 188 3432 teros
208 3362 383 3462 principes
409 3293 727 3450 commendavere,
753 3358 907 3460 singulas
934 3363 972 3434 in
1000 3391 1036 3435 se
1072 3334 1087 3382 y

95 3460 350 3559 complectitur.

6 3647 7 3650 Ἴ
147 3557 222 3630 Sed
238 3586 318 3660 quae
337 3585 403 3659 par
422 3560 531 3630 oratio
542 3575 595 3631 tot
608 3554 840 3658 praedicandis
849 3555 1037 3630 virtutibus

6 3705 7 3710 κ
95 3679 176 3728 esse
200 3656 338 3756 possiti
360 3673 424 3728 aut
442 3655 529 3756 quid
547 3659 639 3728 inter
665 3674 739 3727 tam
758 3653 882 3728 breves
900 3656 1038 3728 dicendi

6 3793 9 3812 ·
92 3757 280 3856 angustias
297 3755 356 3830 rel
372 3755 528 3830 delibare
542 3783 589 3828 ex
603 3755 670 3828 illis
688 3753 869 3922 quidpiam
889 3751 1040 3826 confida-

847 3877 870 3922 2
