2668 4414
288 244 818 315 messuistis.
976 240 1029 340 93

124 361 364 435 paradiaston
381 378 435 433 est
450 361 583 462 Figura
594 404 608 455 ,ι
625 369 698 465 qui
723 389 779 437 res
805 366 900 438 inter
920 391 959 436 se
982 367 1029 436 si-

77 461 183 534 miles
202 460 458 572 distinguntur.
483 441 538 532 ita
556 461 690 534 Seneca
706 463 750 533 de
765 461 800 562 pi
843 489 863 532 ο
885 461 1027 536 homine

75 559 232 660 loquens
258 557 356 629 diest.
388 559 473 632 Non
493 557 563 630 diti
586 563 717 645 vixit,
745 489 911 631 setirdiit
924 561 1024 659 suit.

76 658 196 747 Item,
227 657 427 756 Pergimus
451 683 524 728 non
553 655 628 772 quo
649 655 815 728 eundum
839 676 922 749 est,
957 657 1034 730 sed

76 755 157 856 qut)
176 758 281 840 itur,
311 779 382 823 nec
408 751 468 825 ad
488 771 670 826 rationem
686 759 847 828 vivimus
855 806 870 841 ,
890 753 964 827 sed
974 754 1035 828 od

77 848 385 924 similtudinem.
476 923 478 926 .

128 949 344 1062 Polyptoton
352 963 405 1018 est
414 947 568 1047 Figura,
584 951 656 1061 qui
672 975 801 1020 nomen
811 949 909 1020 idem
921 951 1029 1022 van‘is

74 1047 117 1116 in
135 1047 278 1118 castbus
298 1044 356 1116 vel
384 1046 572 1146 generibus
597 1063 758 1118 lteratur.
783 1046 906 1118 Cicero
923 1047 1027 1118 Orat.

82 1145 128 1215 de
142 1143 388 1243 Haruspicum
401 1143 510 1244 Resp.
523 1170 560 1213 n.
576 1141 636 1216 38.
659 1144 748 1218 Tibi
759 1143 849 1216 veto
859 1197 875 1231 ,
887 1149 923 1220 si
939 1144 1029 1217 dili.-

77 1239 434 1342 genteratteodetis
445 1293 460 1326 ,
475 1238 687 1342 intelliges,
700 1241 1031 1344 hominumpoenas

83 1340 223 1412 deesse
244 1336 395 1428 adhuc,
415 1363 488 1410 uon
506 1339 690 1412 Deorum.
712 1339 898 1412 Homines
923 1359 962 1414 te
989 1345 1030 1414 in

25 1516 28 1527 ,
81 1435 356 1536 rescedissimd
369 1433 645 1534 deflendorum,-
666 1435 841 1509 ¹homines
861 1453 902 1508 tu
948 1441 1031 1508 issi-

83 1562 187 1606 mum
210 1535 590 1634 nocentissimumque
614 1531 884 1623 laudaverunt5
963 1539 1032 1606 mi-

84 1659 152 1704 nes
167 1657 246 1748 pm
272 1649 334 1704 ter
348 1635 560 1732 pecuniam
579 1631 732 1730 judicio
748 1628 1029 1721 libetuvetunt5
1148 1677 1155 1690 -

81 1729 230 1803 homini
255 1756 300 1800 us
326 1729 468 1829 injurio
497 1733 554 1802 tui
570 1731 691 1831 stupri
713 1729 825 1801 iluna
843 1732 885 1800 in
902 1733 1029 1831 iosos,

80 1825 208 1899 dolori
223 1826 403 1924 nonfitit.
429 1823 620 1898 -Homines
637 1825 709 1898 tibi
731 1853 838 1897 armo
848 1879 865 1912 ,
894 1825 967 1897 olii
988 1831 1031 1900 in

82 1952 170 2012 me,
187 1923 261 1996 alii
280 1941 375 2026 post
390 1921 554 1994 inillam
571 1910 747 1996 invictuni
771 1929 890 1997 ciuem
913 1921 1031 1996 dede-
1055 2011 1059 2018 ι

82 2041 185 2096 tunt.
226 2021 435 2094 Hominum
467 2019 651 2122 beneficio
673 2023 833 2123 prossus
864 2015 1058 2096 concedo'

83 2120 157 2193 tibi
169 2171 186 2206 ,
204 2145 253 2190 ac
265 2120 411 2219 majora
426 2145 499 2192 non
517 2145 601 2196 esse
613 2119 827 2220 quaerenda.

135 2217 184 2288 Et
220 2215 840 2317 roArchiun.14.Item7.Ver.n.
883 2217 919 2289 8.
973 2253 983 2260 ·

134 2245 415 2415 Poiisynsheton
438 2331 491 2386 est
511 2315 673 2414 Figura,
701 2311 785 2414 qui'
799 2243 922 2384 muitae
951 2334 1039 2384 oon-‘

87 2412 286 2510 junctiones
310 2411 414 2484 simul
434 2411 474 2484 in
492 2411 618 2483 eidem
643 2411 823 2482 Orationis
829 2425 949 2582 Ipsste
971 2436 1033 2509 po-

88 2526 236 2581 nuntur.
257 2509 377 2581 Cicero
386 2507 469 2580 Lib.
490 2503 647 2580 1.'Offic.
667 2533 704 2578 n.
727 2533 809 2606 109.
851 2533 875 2578 n
891 2534 1031 2581 sermo-

89 2607 202 2680 nibus
219 2607 339 2679 alium
362 2607 516 2709 quidem
536 2604 735 2694 uidemus,
755 2609 1033 2709 quamvisprae·

84 2703 221 2808 potens
241 2710 314 2797 sit,
344 2703 495 2806 efficene
504 2757 519 2790 ,
546 2723 590 2775 ut
606 2729 702 2776 unus
723 2703 774 2775 de
798 2703 925 2776 multis
947 2730 1032 2777 esse

88 2802 281 2875 videatur.
308 2801 428 2901 Quod
448 2807 487 2874 in
513 2802 688 2893 Catullo,
711 2820 754 2875 et
770 2805 810 2873 in
827 2819 968 2906 palte,
992 2817 1035 2874 et

91 2905 130 2973 iu
131 2899 224 3002 filio
231 2953 247 2988 ,
264 2905 433 3002 itemque
448 2903 488 2972 in
498 2901 628 2975 Mutio
640 2897 821 2974 viduus.
929 2989 932 3000 Ι

413 3239 710 3270 mmm
