2756 4414
304 165 381 270 dh
574 143 983 258 irruentem

302 297 419 372 Proh!
446 296 555 400 qudm
575 297 682 370 variae
693 348 704 388 ,
725 295 848 368 Patres
872 293 1090 394 Conscripti‚
1114 293 1247 368 distre·-¹

270 405 273 408 ’
301 395 395 470 liunt
413 393 600 492 ancipitem
614 392 728 466 curre!
747 393 801 465 Ut
816 392 886 464 huc
894 445 906 484 ,
923 391 1007 464 illuc
1022 389 1171 466 fluctuat
1185 393 1245 464 in-

301 510 398 566 certa
420 517 540 584 mens,
569 493 655 562 ddr'n
684 489 765 562 hinc
790 507 952 582 naturae,
994 489 1089 562 illinc
1118 490 1247 562 Patriae

301 587 534 664 vox‘tacitum
556 587 681 689 pungit
697 615 736 659 ac
754 587 925 659 stimulat.
950 587 1027 658 Etsi
1047 589 1160 679 enim,
1180 588 1247 658 Pu·

300 703 373 758 tres
402 686 619 784 Conscripti,
645 684 812 796 immanis
830 683 979 786 flagitii,
1010 685 1106 854 ‹puod
1127 681 1249 756 dliliis

189 788 194 796 '
251 843 252 848 1
300 801 480 885 patratum
489 800 556 875 est,
572 783 694 858 horror
706 798 894 854 attomtum
903 781 1019 880 peroel
1033 785 1062 852 it
1072 781 1248 872 animum,

300 899 431 984 atque,
454 898 496 952 ut
519 907 585 982 par
608 897 684 973 est,
710 897 896 978 exasperat
903 909 917 961 3
936 877 1107 964 ,nondum
1125 895 1249 950 tomen

302 981 351 1052 sio
368 979 521 1050 obdurui
537 993 673 1048 naturae
695 993 731 1047 et
752 977 935 1088 sanguini,
951 993 994 1048 ut
1009 1003 1085 1050 esse
1102 1003 1160 1050 me
1178 1001 1246 1076 pa-

247 1089 258 1112 *
301 1094 394 1148 trem
428 1075 487 1148 rel
517 1069 753 1176 perduellium
787 1071 940 1144 filiorum
978 1101 1050 1144 non
1079 1072 1247 1146 sentiam.

259 1201 260 1208 ¹
302 1177 411 1266 Quan
437 1201 521 1244 uam
533 1172 685 1244 inultam
696 1171 874 1272 relinques
886 1170 1061 1262 Patriam,
1080 1171 1249 1264 dBrute,

300 1269 402 1370 eujus
412 1201 911 1342 belensoracerrimus-modo
925 1267 1021 1340 visus
1039 1267 1101 1340 esl
1114 1269 1137 1340 J
1138 1268 1249 1341 ustis·

301 1369 408 1440 simas
429 1365 567 1440 alllictae
588 1365 686 1438 urbis
710 1366 870 1466 querelas
890 1365 1143 1478 aspernabere,
1166 1392 1249 1480 quse

259 1547 265 1558 ἱ
300 1493 408 1538 suum
418 1466 456 1536 in
466 1465 626 1536 Romano
641 1463 793 1538 Consule
806 1464 1007 1562 praeudrum
1027 1491 1067 1534 ao
1083 1460 1251 1539 fiduciam

301 1563 435 1635 habeti
452 1563 555 1634 Nihil
570 1580 606 1633 te
614 1561 753 1634 violatae
764 1560 935 1632 libertatis
947 1558 1061 1632 amica
1076 1587 1145 1632 ror
1158 1589 1250 1633 eom-

302 1660 481 1751 movebit,
509 1687 617 1760 quam
633 1659 774 1731 erexisti
792 1657 990 1755 jacentem,
1008 1659 1183 1770 perditam
1194 1687 1251 1731 re·

301 1745 448 1829 oleastil
467 1759 566 1848 Irni),
585 1758 658 1827 imb
677 1771 821 1828 movent
837 1755 912 1825 haeo
927 1781 1046 1826 omma
1064 1755 1196 1828 mirum
1209 1757 1251 1830 in

301 1854 467 1944 modum,
492 1856 614 1926 Patres
635 1852 850 1950 Conscriptij
872 1879 988 1950 neque
1002 1879 1059 1922 me
1079 1869 1250 1964 paternus

300 1977 401 2022 amor
415 1953 467 2022 ita
485 1949 698 2118 perturbat,
716 1966 758 2019 ut
778 1975 850 2018 non
869 1948 1009 2019 videam
1027 1965 1135 2039 satis,
1159 1951 1251 2050 quid

301 2047 399 2138 urbi,
422 2048 484 2146 qui

301 2143 465 2215 debeam.

350 2241 506 2326 Adeste',
523 2241 625 2332 Filii3
641 2257 730 2312 state
746 2241 854 2340 petris
870 2241 1097 2316 ael-tribuual.
1120 2246 1247 2336 Quan-

302 2363 412 2451 quam
433 2338 589 2439 parcite,
616 2337 646 2410 si
657 2334 748 2410 lilios
765 2338 863 2430 dico,
883 2340 1004 2413 Patres
1027 2341 1244 2443 conscripti,

301 2462 332 2506 ει
358 2433 446 2508 filios
468 2460 614 2536 agnosco
643 2435 701 2506 vel
728 2453 906 2508 nocentes.
934 2439 1085 2531 Vultusj
1122 2439 1245 2531 frons,

302 2533 414 2622 oculi,
434 2531 582 2632 corporis
595 2531 759 2626 habitus,
774 2559 902 2604 nomen
918 2536 1060 2634 utrique
1073 2537 1244 2628 inditum,

301 2630 377 2700 baec
393 2629 481 2700 filios
504 2629 621 2733 omnia
633 2683 645 2722 ‚
670 2629 746 2704 baec
789 2647 946 2712 arentem
967 2631 1131 2730 probant.
1158 2635 1247 2706 Uti*

300 2753 385 2798 nam
399 2728 734 2826 etpotrisnnimus,
752 2659 861 2818 lides,
882 2729 1076 2800 oonstantia
1087 2783 1099 2822 ‚
1120 2732 1249 2831 patriae

298 2825 426 2896 caritas
452 2841 488 2896 et
508 2823 602 2912 lisola
622 2828 753 2926 pariter
768 2826 950 2896 adessent!
974 2851 1054 2927 quae
1103 2830 1246 2903 uoniam

299 2923 403 2994 tideo
420 2923 458 2993 in
473 2920 572 2997 vobis
586 2923 802 3014 desiderari,
823 2923 911 3024 quid
926 2949 991 3024 ego
1006 2953 1066 2999 ros
1077 2851 1246 3028 deinceps

299 3013 388 3090 filios
405 3019 579 3119 appellem
592 3019 607 3090 ἓ
1124 3066 1128 3078 ·

287 3157 288 3160 =
320 3165 325 3198 ,
348 3117 426 3189 Hoc
444 3117 580 3195 studuit
597 3132 843 3218 paterpraeter
863 3135 1013 3213 caetera,
1037 3137 1080 3194 ut
1100 3123 1245 3224 imposi-

268 3269 270 3272 -
299 3230 377 3285 tum
399 3241 463 3314 per
478 3230 532 3286 tot
550 3229 659 3286 annos
676 3213 1012 3290 liberis·ce1·ricibus
1033 3218 1159 3320 jugum
1181 3223 1245 3292 de·

298 3311 422 3426 jioeret
435 3341 447 3404 3
468 3340 529 3400 ros
542 3312 755 3413 turpissimae
773 3315 951 3410 servitutis
966 3334 1137 3390 amatores
1149 3317 1246 3390 idem

298 3407 413 3500 rllud,
440 3415 615 3510 quantdm
633 3407 702 3485 fuit
722 3411 761 3481 in
784 3411 903 3506 vobis,
928 3415 1139 3512 reposuistis.
1166 3415 1245 3516 Ego

298 3531 370 3578 non
385 3506 562 3622 jacentem
577 3509 704 3600 modo,
728 3508 791 3580 sed
816 3510 1084 3584 intermortuam
1101 3511 1246 3585 liberta-

203 3641 208 3648 ·
297 3621 372 3676 tem
393 3605 485 3676 curis
503 3605 592 3675 meis
611 3633 650 3676 ao
676 3601 881 3699 laboribus,
911 3608 985 3706 ipso
1008 3608 1138 3709 capitis·
1153 3612 1244 3709 peri·
1317 3661 1320 3668 ·

261 3751 263 3756 ,
297 3699 375 3774 culo
392 3700 606 3777 suscitatam
616 3731 629 3797 5
647 3728 710 3776 ros
724 3704 992 3786 retiuseentem
1013 3702 1241 3783 faustis-omi-

491 2061 493 2064 ’
530 2044 681 2152 patriae,
708 2043 795 2145 quid
818 2041 951 2137 officio,
982 2045 1072 2145 quid
1090 2046 1249 2158 libertati

1281 2523 1299 2566 Ι
