2668 4414
309 221 517 268 nrnnu
566 219 838 279 nunnus.
999 193 1048 294 87

330 350 850 450 EXERCITATIQ.
947 355 950 362 ’

94 518 277 622 Phihppi
311 517 544 592 Macedonis
576 537 620 589 et
653 517 875 595 Alexandri
905 521 1047 618 Magni

146 637 291 691 natum
314 611 583 736 dzparatque?
610 617 760 690 indoles
788 617 1045 708 demonstrat,

114 763 117 766 -
147 743 224 788 non
244 719 406 816 tepenti
422 741 500 788 sem
527 713 785 802 erinindole,
804 741 890 818 quoe
904 717 944 788 iu
955 740 1045 788 soud

141 817 266 915 gaiae
283 831 369 907 est,
393 811 694 886 similtudinem.

374 1067 377 1076 Δ
439 973 698 1036 PorAntithetu.

396 1119 469 1181 SY
491 1119 523 1180 N
546 1118 620 1182 ΟΡ
643 1121 757 1182 818.

99 1269 223 1330 Exord.
238 1217 405 1336 Dscnr
429 1267 601 1328 mirandum
618 1290 682 1330 non
701 1286 787 1342 esse,
811 1267 838 1326 si
859 1265 1043 1366 parentibus

100 1349 218 1409 similes
240 1350 333 1412 liberi
350 1363 550 1434 procreantur
573 1365 698 1433 propter
724 1350 884 1432 sanguinis
906 1371 1042 1411 commu-

100 1453 237 1492 monem.
431 1439 439 1454 ⁸

136 1515 323 1597 Propositto.
344 1515 381 1573 ld
403 1516 497 1596 porro
517 1512 616 1574 videri
633 1515 746 1573 mirum
759 1519 864 1592 posse,
882 1513 908 1570 si
923 1509 1045 1572 nullent

98 1595 233 1658 habeant
253 1597 344 1658 liberi
365 1617 435 1657 cum
464 1594 644 1678 parentibus
667 1593 913 1656 similitudinem.
937 1594 1042 1659 Addet

95 1699 160 1738 non
182 1699 249 1740 esse
274 1678 356 1739 illud
380 1694 442 1739 tum
463 1676 664 1760 infrequens,
682 1689 718 1737 ut
740 1673 914 1736 illustribus
935 1697 1041 1738 exem·

94 1758 155 1840 plis
177 1760 381 1822 demonstrari
397 1781 460 1821 nou
476 1763 589 1842 possit.
842 1755 850 1778 ⁸

140 1841 343 1926 Cotfirmatio
368 1857 489 1926 petetur
509 1842 547 1904 sb
568 1838 708 1923 exemplo
732 1837 870 1922 Philippi
890 1837 1040 1899 Macedo·

7 1919 9 1934 ’
94 1923 143 1982 'uis
160 1939 192 1984 et
205 1923 379 1986 Alexandri
398 1925 530 2007 Magni,
543 1927 598 2064 qpi
612 1943 675 1984 non
696 1925 731 1981 in
746 1921 1038 1998 virtutibus'modd,

94 2005 147 2065 sed
167 2011 263 2066 etiam
285 2010 318 2066 iu
338 2009 425 2067 vitiis
439 2006 557 2068 dissimi
571 2027 602 2066 es
621 2009 770 2084 extitere3
789 2003 871 2086 quod
891 2002 1043 2065 Antithe-

93 2091 134 2147 tis
154 2092 251 2148 variis
274 2089 493 2150 illustrabitur.
616 2119 618 2123 ·

138 2169 314 2244 Conchsio.
337 2171 428 2232 Adeo
446 2169 495 2232 vel
511 2173 546 2230 in
561 2171 627 2254 ipsi
640 2171 804 2252 sanguinis
822 2170 1040 2232 communione

93 2252 259 2336 disparitas
275 2251 389 2326 indolis
407 2255 569 2336 reperitur.
769 2245 774 2260 ’

422 2409 699 2476 enarro

140 2561 236 2633 cum
252 2559 341 2633 nibil
355 2577 410 2633 est
420 2555 696 2634 sdefficisndam
708 2557 747 2628 in
761 2555 918 2630 moribus
931 2569 1042 2656 utque

91 2659 210 2732 indole
230 2659 499 2730 similitudinem
519 2649 697 2758 potentius
708 2697 723 2749 ,·
743 2658 852 2757 quim
876 2653 1040 2755 ejusdem

7 2815 12 2822 .
94 2757 274 2872 sanguinis
287 2757 512 2848 communi03
531 2773 569 2829 et
587 2757 665 2858 ipsa
675 2771 804 2827 natura
819 2781 921 2854 pares
938 2767 1037 2824 emat

91 2856 130 2926 in
146 2883 197 2928 ess
226 2855 325 2926 dotes
346 2853 600 2955 contemplari,
621 2881 708 2955 quoe
730 2851 893 2952 paribus,
917 2867 959 2923 ut
985 2849 1035 2922 sio

93 2951 241 3056 loquar,
267 2951 450 3026 coemmtis
471 2949 676 3026 confinxerit
686 2963 800 3042 ptum
817 2953 911 3022 certe
928 2973 1038 3026 nemo

92 3069 146 3123 est
157 3051 216 3136 oui
228 3051 361 3123 mirum
375 3050 489 3124 videri
507 3049 657 3138 debeat,
670 3051 701 3122 si
712 3044 1042 3148 liberipnrentibus

94 3150 307 3250 plerumque
317 3147 447 3221 similes
465 3166 703 3248 procreentur.

139 3250 278 3320 Venlm
297 3297 309 3337 ,
332 3247 361 3318 si
382 3247 524 3347 quondo
540 3245 621 3318 tulis
637 3249 657 3317 d
673 3257 861 3342 pareutum
882 3238 961 3312 sinu
982 3265 1036 3310 so·

91 3345 189 3418 boles
199 3344 349 3444 prodeat
358 3395 370 3436 ,
394 3361 521 3416 utnon
534 3345 636 3413 modo
654 3339 789 3412 nullam
805 3338 936 3417 habeat
952 3365 1035 3420 cuin

19 3518 23 3524 ,
90 3442 372 3544 progenitoribus
388 3444 460 3514 suis
476 3439 767 3529 similitudinem,
783 3438 844 3510 sed
860 3435 1037 3549 oppositos

91 3542 199 3613 etiam
220 3537 371 3614 allectus
387 3557 424 3612 et
439 3537 629 3612 contrarius
645 3537 869 3610 voluntatum
885 3534 1034 3606 inclinass

91 3639 203 3712 tiones
214 3665 290 3738 prae
313 3666 350 3710 se
368 3636 478 3730 lerut3
506 3655 589 3709 tunc
607 3637 689 3708 oriri
709 3634 787 3736 jure
800 3633 908 3736 possit
918 3633 1034 3722 adipi„

86 3738 178 3808 ratio
206 3765 279 3809 non
307 3737 425 3827 levis,
459 3753 496 3808 et
524 3735 677 3810 latentes,
700 3735 793 3808 tanti
824 3730 1039 3806 discriminis

88 3861 203 3916 wusae
215 3834 388 3910 curiosius
403 3833 554 3938 inquiri.
698 3829 712 3848 “
