2760 4416
229 247 231 253 ,
320 197 392 272 dm
577 184 988 268 narroarcn

317 346 400 392 rum
420 317 467 387 ad
488 341 629 387 vocem:
649 317 695 387 ad
719 318 830 390 emuit
855 323 980 390 mutuo
1001 319 1255 419 gementibus,

317 440 490 514 suamque
505 413 543 484 in
566 413 642 513 ipso
720 431 760 486 tu
775 415 1076 514 perturbationem
1086 417 1254 517 prodidit.

251 527 254 532 “
317 511 404 585 Vidi
420 529 456 582 et
471 527 577 582 testes
594 511 720 584 amoris
738 539 807 583 non
823 509 1025 584 inficiandos
1041 509 1146 587 fletus
1162 515 1255 586 ube·

316 635 396 700 rec,
415 608 477 708 qui
492 607 550 682 vel
566 607 677 681 invito
690 628 936 708 erumperent3
949 609 1184 713 juberentque
1194 611 1256 710 ju-

298 756 301 762 ,
317 707 433 779 dicem
448 706 647 806 deponere,
666 723 708 778 ut
723 707 887 780 indueret
902 725 1052 808 patrem.
1079 709 1201 781 Ponite
1216 709 1258 779 in

316 803 414 876 lucro
431 820 506 876 tam
523 802 670 876 feliciter
688 801 852 876 allectam
869 807 1024 918 parentia
1045 835 1065 878 o
1089 807 1168 878 timi
1191 816 1256 880 ro'-

230 929 235 942 ¹
315 901 516 992 luntatem,
542 903 697 976 Juvenes
716 903 912 995 carissimr3
933 931 1079 1002 procum
1104 903 1152 976 ite
1170 929 1258 1003 eup-

210 1027 230 1096 fl
317 997 455 1099 pliciter
484 1001 529 1071 ad
550 1001 687 1112 pedes,
714 1000 1008 1099 amicaprensate
1026 1027 1164 1102 genua,
1188 1016 1258 1091 et,

318 1123 428 1198 quam
453 1095 577 1168 dolens
606 1113 682 1168 tam
707 1097 860 1198 graviter
884 1097 1040 1170 amisisse
1071 1099 1259 1240 pretium,

160 1225 177 1260 a
191 1199 238 1269 rui
250 1220 307 1269 arm
318 1212 449 1267 certate
464 1196 596 1294 pietate
612 1199 730 1268 vestrl
745 1195 937 1295 promereri
941 1246 1056 1266 ......

127 1289 307 1402 Ρῐῡζωωῑ.
368 1293 488 1390 Quam
506 1321 552 1367 au
619 1292 706 1365 abar
718 1296 824 1386 vere,
843 1293 1093 1364 Adolescehtea
1105 1292 1259 1393 optimi,

127 1372 199 1470 idai
217 1369 305 1480 iffi,
318 1419 389 1463 non
401 1393 500 1491 'aegre
520 1319 775 1463 ingilisctendum
795 1407 933 1490 patrem
955 1388 1053 1464 vobis
1075 1405 1118 1461 ut
1139 1391 1261 1501 ignou-

22 1525 33 1552 ο
125 1485 306 1604 &miza
318 1507 436 1580 ceret,
456 1505 493 1560 et
511 1483 709 1564 offensionis
724 1514 845 1560 causas
861 1513 981 1559 omnes
997 1486 1174 1559 obliterari
1191 1513 1260 1586 pa-

127 1571 187 1684 Ji?
185 1618 306 1679 amplecti.
317 1603 466 1660 teretur.
492 1585 626 1660 Felices
650 1585 755 1658 ambo
774 1603 848 1658 tam
867 1582 1027 1672 facilem,
1051 1600 1124 1656 tam
1147 1583 1260 1656 bene-

127 1699 179 1777 Ψν
205 1685 307 1797 ΨΘ
318 1685 439 1758 volum
454 1684 547 1756 nacti
565 1688 701 1785 Regem
713 1699 749 1754 et
763 1681 923 1783 patrem!
943 1682 1092 1754 Felicior
1107 1708 1262 1782 parens,

106 1765 209 1797 'mm‘
252 1759 301 1862 ω’,
317 1784 382 1884 qui
390 1835 401 1874 ,
414 1781 578 1882 depositis
596 1778 1033 1880 deincepasimultatibus,
1048 1777 1264 1851 Liberorum

316 1881 356 1954 in
375 1878 446 1951 fide
466 1896 503 1951 et
518 1906 635 1952 amore
651 1886 728 1950 tuto
748 1878 990 1976 conquiescat!
1018 1873 1265 1948 felicissimum

319 2006 377 2050 me
389 2005 447 2050 me
459 1987 697 2073 tamvoperosae
706 1972 931 2044 contentionis
942 1969 1097 2069 judicem
1109 1987 1146 2044 et
1157 1971 1262 2042 arbi-

316 2093 434 2162 trum,
449 2075 504 2143 cui
521 2069 765 2142 dissidentium
781 2067 881 2142 litem
896 2094 1104 2167 componere
1122 2095 1167 2140 ex
1178 2086 1264 2142 voto

314 2168 439 2241 licuit!
471 2167 632 2240 Plaudite
661 2165 750 2236 mihi
779 2164 978 2264 vobisque,
1007 2163 1263 2238 Adolescentee

259 2277 264 2292 '
314 2265 463 2365 optimi,
487 2261 600 2336 fovete
619 2263 715 2334 omni
730 2289 795 2361 ope
810 2279 917 2361 atque
934 2258 1046 2334 officio
1058 2263 1262 2336 restitutam

315 2365 357 2437 in
377 2361 509 2462 inclytd
528 2363 658 2462 pidque
679 2361 782 2431 domo
806 2357 1025 2431 concordiam
1046 2387 1086 2432 ac
1110 2387 1260 2459 pacem,
1365 2389 1367 2444 τ

316 2477 355 2534 et
369 2477 547 2628 receptam
559 2453 977 2571 demdmtamfprtunato
993 2457 1089 2529 exitu
1101 2459 1261 2556 parentia
1365 2477 1366 2482 ’

279 2563 287 2576 '
316 2561 453 2670 benevo
463 2557 601 2670 entiam
616 2553 893 2658 conspirantibus
911 2555 1035 2630 studiis
1050 2571 1159 2654 atque
1173 2556 1259 2630 ani-
1362 2543 1365 2622 l

317 2682 385 2730 mia
406 2671 576 2730 retinete..
