<?xml version="1.0" encoding="UTF-8"?>
<!DOCTYPE html PUBLIC "-//W3C//DTD XHTML 1.0 Transitional//EN"
    "http://www.w3.org/TR/xhtml1/DTD/xhtml1-transitional.dtd">
<html xmlns="http://www.w3.org/1999/xhtml" xml:lang="en" lang="en">
 <head>
  <title>
</title>
<meta http-equiv="Content-Type" content="text/html;charset=utf-8" />
  <meta name='ocr-system' content='tesseract 3.04.00' />
  <meta name='ocr-capabilities' content='ocr_page ocr_carea ocr_par ocr_line ocrx_word'/>
</head>
<body>
  <div class='ocr_page' id='page_1' title='image "./bibliothecarhet01jaygoog/bibliothecarhet01jaygoog_0517.png"; bbox 0 0 2760 4416; ppageno 0'>
   <div class='ocr_carea' id='block_1_1' title="bbox 136 213 1174 735">
    <p class='ocr_par' dir='ltr' id='par_1_1' title="bbox 136 213 1174 735">
     <span class='ocr_line' id='line_1_1' title="bbox 136 213 1174 318; baseline 0.005 -39"><span class='ocrx_word' id='word_1_1' title='bbox 136 295 138 303; x_wconf 28' lang='grc' dir='ltr'>Ι</span> <span class='ocrx_word' id='word_1_2' title='bbox 348 234 524 284; x_wconf 76' lang='lat' dir='ltr'><strong>rrssn</strong></span> <span class='ocrx_word' id='word_1_3' title='bbox 567 233 881 282; x_wconf 66' lang='lat' dir='ltr'><strong>⁴secursnus.</strong></span> <span class='ocrx_word' id='word_1_4' title='bbox 1015 213 1089 309; x_wconf 84' lang='lat'><strong>519</strong></span> <span class='ocrx_word' id='word_1_5' title='bbox 1171 307 1174 318; x_wconf 28' lang='grc' dir='ltr'>Ι</span> 
     </span>
     <span class='ocr_line' id='line_1_2' title="bbox 148 325 1090 432; baseline 0.004 -30"><span class='ocrx_word' id='word_1_6' title='bbox 148 325 391 420; x_wconf 81' lang='lat' dir='ltr'><strong>difficultates,</strong></span> <span class='ocrx_word' id='word_1_7' title='bbox 410 331 518 404; x_wconf 89' lang='lat' dir='ltr'><strong>maris</strong></span> <span class='ocrx_word' id='word_1_8' title='bbox 528 329 704 429; x_wconf 85' lang='lat' dir='ltr'><strong>pericula,</strong></span> <span class='ocrx_word' id='word_1_9' title='bbox 715 327 977 432; x_wconf 74' lang='lat' dir='ltr'>naufragiorum</span> <span class='ocrx_word' id='word_1_10' title='bbox 993 333 1090 407; x_wconf 78' lang='lat' dir='ltr'><strong>acer·</strong></span> 
     </span>
     <span class='ocr_line' id='line_1_3' title="bbox 148 423 1089 526; baseline 0.005 -28"><span class='ocrx_word' id='word_1_11' title='bbox 148 423 323 519; x_wconf 71' lang='lat' dir='ltr'><strong>hierem,</strong></span> <span class='ocrx_word' id='word_1_12' title='bbox 344 429 543 500; x_wconf 84' lang='lat' dir='ltr'><strong>debitorum</strong></span> <span class='ocrx_word' id='word_1_13' title='bbox 558 426 768 526; x_wconf 83' lang='lat' dir='ltr'><strong>injustitiam</strong></span> <span class='ocrx_word' id='word_1_14' title='bbox 782 479 794 517; x_wconf 92' lang='lat'><strong>,</strong></span> <span class='ocrx_word' id='word_1_15' title='bbox 808 443 857 500; x_wconf 68' lang='lat' dir='ltr'><strong>„et</strong></span> <span class='ocrx_word' id='word_1_16' title='bbox 870 428 990 525; x_wconf 85' lang='lat' dir='ltr'><strong>paria,</strong></span> <span class='ocrx_word' id='word_1_17' title='bbox 1008 436 1089 504; x_wconf 78' lang='lat' dir='ltr'><strong>cum</strong></span> 
     </span>
     <span class='ocr_line' id='line_1_4' title="bbox 149 523 1163 624; baseline 0.006 -30"><span class='ocrx_word' id='word_1_18' title='bbox 149 523 355 616; x_wconf 90' lang='lat' dir='ltr'><strong>bello,tum</strong></span> <span class='ocrx_word' id='word_1_19' title='bbox 363 553 447 624; x_wconf 87' lang='lat' dir='ltr'><strong>pace</strong></span> <span class='ocrx_word' id='word_1_20' title='bbox 455 525 1088 624; x_wconf 78' lang='lat' dir='ltr'><strong>incommodadiligenterperoensuit3</strong></span> <span class='ocrx_word' id='word_1_21' title='bbox 1156 557 1163 570; x_wconf 75' lang='grc'>’</span> 
     </span>
     <span class='ocr_line' id='line_1_5' title="bbox 146 619 1089 735; baseline 0.002 -43"><span class='ocrx_word' id='word_1_22' title='bbox 146 619 226 735; x_wconf 84' lang='lat' dir='ltr'><strong>ipsa</strong></span> <span class='ocrx_word' id='word_1_23' title='bbox 239 623 337 722; x_wconf 44' lang='lat' dir='ltr'><strong>,quod</strong></span> <span class='ocrx_word' id='word_1_24' title='bbox 347 624 459 698; x_wconf 74' lang='lat' dir='ltr'><strong>mule</strong></span> <span class='ocrx_word' id='word_1_25' title='bbox 470 625 581 724; x_wconf 89' lang='lat' dir='ltr'><strong>magis</strong></span> <span class='ocrx_word' id='word_1_26' title='bbox 592 621 722 694; x_wconf 89' lang='lat' dir='ltr'><strong>mirum</strong></span> <span class='ocrx_word' id='word_1_27' title='bbox 734 639 809 713; x_wconf 87' lang='lat' dir='ltr'><strong>est,</strong></span> <span class='ocrx_word' id='word_1_28' title='bbox 821 621 967 694; x_wconf 84' lang='lat' dir='ltr'><strong>dicentis</strong></span> <span class='ocrx_word' id='word_1_29' title='bbox 974 623 1089 722; x_wconf 81' lang='lat' dir='ltr'><strong>actio,</strong></span> 
     </span>
    </p>
   </div>
   <div class='ocr_carea' id='block_1_2' title="bbox 10 720 1181 3816">
    <p class='ocr_par' dir='ltr' id='par_1_2' title="bbox 10 720 1181 3816">
     <span class='ocr_line' id='line_1_6' title="bbox 148 720 1090 890; baseline 0.002 -102"><span class='ocrx_word' id='word_1_30' title='bbox 148 746 231 890; x_wconf 63' lang='lat' dir='ltr'><strong>sps,</strong></span> <span class='ocrx_word' id='word_1_31' title='bbox 256 720 390 809; x_wconf 88' lang='lat' dir='ltr'><strong>robur,</strong></span> <span class='ocrx_word' id='word_1_32' title='bbox 415 721 566 820; x_wconf 80' lang='lat' dir='ltr'><strong>dignitas</strong></span> <span class='ocrx_word' id='word_1_33' title='bbox 588 720 855 792; x_wconf 84' lang='lat' dir='ltr'><strong>admirationem</strong></span> <span class='ocrx_word' id='word_1_34' title='bbox 879 721 1015 818; x_wconf 81' lang='lat' dir='ltr'><strong>peperit</strong></span> <span class='ocrx_word' id='word_1_35' title='bbox 1048 733 1090 792; x_wconf 85' lang='lat' dir='ltr'><strong>a&#39;c</strong></span> 
     </span>
     <span class='ocr_line' id='line_1_7' title="bbox 186 843 1100 900; baseline -0.001 -10"><span class='ocrx_word' id='word_1_36' title='bbox 186 843 476 892; x_wconf 86' lang='lat' dir='ltr'><strong>ausum...</strong></span> <span class='ocrx_word' id='word_1_37' title='bbox 984 851 987 860; x_wconf 91' lang='lat'><em>·</em></span> <span class='ocrx_word' id='word_1_38' title='bbox 1096 889 1100 900; x_wconf 83' lang='grc'><em>,</em></span> 
     </span>
     <span class='ocr_line' id='line_1_8' title="bbox 146 843 1089 1006; baseline 0 -20"><span class='ocrx_word' id='word_1_39' title='bbox 146 843 305 1006; x_wconf 81' lang='lat' dir='ltr'><strong>pQuod</strong></span> <span class='ocrx_word' id='word_1_40' title='bbox 328 917 374 987; x_wconf 92' lang='lat' dir='ltr'><strong>ad</strong></span> <span class='ocrx_word' id='word_1_41' title='bbox 394 907 620 990; x_wconf 81' lang='lat' dir='ltr'><strong>Causidicum</strong></span> <span class='ocrx_word' id='word_1_42' title='bbox 636 915 788 1006; x_wconf 84' lang='lat' dir='ltr'><strong>attinet,</strong></span> <span class='ocrx_word' id='word_1_43' title='bbox 807 914 976 1004; x_wconf 68' lang='lat' dir='ltr'><strong>ludices,</strong></span> <span class='ocrx_word' id='word_1_44' title='bbox 999 913 1089 986; x_wconf 83' lang='lat' dir='ltr'><strong>nihil</strong></span> 
     </span>
     <span class='ocr_line' id='line_1_9' title="bbox 148 1011 1090 1127; baseline 0.004 -47"><span class='ocrx_word' id='word_1_45' title='bbox 148 1026 203 1082; x_wconf 87' lang='lat' dir='ltr'><strong>est</strong></span> <span class='ocrx_word' id='word_1_46' title='bbox 213 1024 288 1085; x_wconf 77' lang='lat' dir='ltr'><strong>tam</strong></span> <span class='ocrx_word' id='word_1_47' title='bbox 297 1013 465 1106; x_wconf 86' lang='lat' dir='ltr'><strong>insolens,</strong></span> <span class='ocrx_word' id='word_1_48' title='bbox 482 1015 511 1086; x_wconf 92' lang='lat' dir='ltr'><strong>si</strong></span> <span class='ocrx_word' id='word_1_49' title='bbox 520 1013 665 1127; x_wconf 83' lang='lat' dir='ltr'><strong>propriis</strong></span> <span class='ocrx_word' id='word_1_50' title='bbox 675 1014 714 1084; x_wconf 91' lang='lat' dir='ltr'><strong>in</strong></span> <span class='ocrx_word' id='word_1_51' title='bbox 724 1011 830 1084; x_wconf 86' lang='lat' dir='ltr'><strong>rebus</strong></span> <span class='ocrx_word' id='word_1_52' title='bbox 845 1030 921 1086; x_wconf 83' lang='lat' dir='ltr'><strong>tam</strong></span> <span class='ocrx_word' id='word_1_53' title='bbox 936 1013 1090 1084; x_wconf 79' lang='lat' dir='ltr'><strong>disertus</strong></span> 
     </span>
     <span class='ocr_line' id='line_1_10' title="bbox 148 1089 1090 1212; baseline 0.003 -34"><span class='ocrx_word' id='word_1_54' title='bbox 148 1123 245 1180; x_wconf 89' lang='lat' dir='ltr'><strong>actor</strong></span> <span class='ocrx_word' id='word_1_55' title='bbox 261 1111 437 1204; x_wconf 78' lang='lat' dir='ltr'><strong>extiterit,</strong></span> <span class='ocrx_word' id='word_1_56' title='bbox 453 1113 516 1212; x_wconf 90' lang='lat' dir='ltr'><strong>qui</strong></span> <span class='ocrx_word' id='word_1_57' title='bbox 527 1141 566 1183; x_wconf 92' lang='lat' dir='ltr'><strong>m</strong></span> <span class='ocrx_word' id='word_1_58' title='bbox 582 1110 705 1182; x_wconf 88' lang='lat' dir='ltr'><strong>alienis</strong></span> <span class='ocrx_word' id='word_1_59' title='bbox 722 1110 810 1182; x_wconf 84' lang='lat' dir='ltr'><strong>solet</strong></span> <span class='ocrx_word' id='word_1_60' title='bbox 824 1128 899 1182; x_wconf 88' lang='lat' dir='ltr'><strong>tam</strong></span> <span class='ocrx_word' id='word_1_61' title='bbox 915 1089 1090 1183; x_wconf 79' lang='lat' dir='ltr'><strong>facundus</strong></span> 
     </span>
     <span class='ocr_line' id='line_1_11' title="bbox 146 1203 1168 1309; baseline 0.002 -33"><span class='ocrx_word' id='word_1_62' title='bbox 146 1205 280 1298; x_wconf 80' lang='lat' dir='ltr'><strong>videri3</strong></span> <span class='ocrx_word' id='word_1_63' title='bbox 307 1209 338 1282; x_wconf 82' lang='lat' dir='ltr'><strong>si</strong></span> <span class='ocrx_word' id='word_1_64' title='bbox 357 1233 500 1281; x_wconf 87' lang='lat' dir='ltr'><strong>causam</strong></span> <span class='ocrx_word' id='word_1_65' title='bbox 517 1209 647 1279; x_wconf 86' lang='lat' dir='ltr'><strong>bonam</strong></span> <span class='ocrx_word' id='word_1_66' title='bbox 669 1203 818 1302; x_wconf 78' lang='lat' dir='ltr'><strong>feliciter</strong></span> <span class='ocrx_word' id='word_1_67' title='bbox 838 1207 1088 1309; x_wconf 84' lang='lat' dir='ltr'><strong>pertractarit,</strong></span> <span class='ocrx_word' id='word_1_68' title='bbox 1162 1241 1168 1268; x_wconf 75' lang='grc' dir='ltr'>ι</span> 
     </span>
     <span class='ocr_line' id='line_1_12' title="bbox 175 1301 1085 1406; baseline 0.004 -32"><span class='ocrx_word' id='word_1_69' title='bbox 175 1304 211 1374; x_wconf 90' lang='lat' dir='ltr'><strong>ui</strong></span> <span class='ocrx_word' id='word_1_70' title='bbox 238 1305 294 1380; x_wconf 80' lang='lat' dir='ltr'><strong>vel</strong></span> <span class='ocrx_word' id='word_1_71' title='bbox 320 1307 451 1378; x_wconf 85' lang='lat' dir='ltr'><strong>malam</strong></span> <span class='ocrx_word' id='word_1_72' title='bbox 472 1333 576 1378; x_wconf 87' lang='lat' dir='ltr'><strong>aere</strong></span> <span class='ocrx_word' id='word_1_73' title='bbox 601 1331 672 1378; x_wconf 77' lang='lat' dir='ltr'><strong>non</strong></span> <span class='ocrx_word' id='word_1_74' title='bbox 694 1301 878 1378; x_wconf 79' lang='lat' dir='ltr'><strong>infeliciter</strong></span> <span class='ocrx_word' id='word_1_75' title='bbox 902 1307 1085 1406; x_wconf 78' lang='lat' dir='ltr'><strong>pourisset.</strong></span> 
     </span>
     <span class='ocr_line' id='line_1_13' title="bbox 209 1399 1090 1504; baseline 0.005 -34"><span class='ocrx_word' id='word_1_76' title='bbox 209 1399 270 1472; x_wconf 91' lang='lat' dir='ltr'><strong>bet</strong></span> <span class='ocrx_word' id='word_1_77' title='bbox 288 1403 466 1478; x_wconf 78' lang='lat' dir='ltr'><strong>enimvero</strong></span> <span class='ocrx_word' id='word_1_78' title='bbox 516 1431 550 1476; x_wconf 90' lang='lat' dir='ltr'><strong>rs</strong></span> <span class='ocrx_word' id='word_1_79' title='bbox 562 1402 645 1497; x_wconf 89' lang='lat' dir='ltr'><strong>illa,</strong></span> <span class='ocrx_word' id='word_1_80' title='bbox 664 1431 772 1503; x_wconf 87' lang='lat' dir='ltr'><strong>quam</strong></span> <span class='ocrx_word' id='word_1_81' title='bbox 784 1431 847 1475; x_wconf 83' lang='lat' dir='ltr'><strong>nos</strong></span> <span class='ocrx_word' id='word_1_82' title='bbox 859 1401 1090 1504; x_wconf 79' lang='lat' dir='ltr'><strong>profitemur,</strong></span> 
     </span>
     <span class='ocr_line' id='line_1_14' title="bbox 147 1494 1089 1602; baseline 0.007 -37"><span class='ocrx_word' id='word_1_83' title='bbox 147 1494 366 1574; x_wconf 86' lang='lat' dir='ltr'><strong>incommoda</strong></span> <span class='ocrx_word' id='word_1_84' title='bbox 390 1529 461 1574; x_wconf 89' lang='lat' dir='ltr'><strong>non</strong></span> <span class='ocrx_word' id='word_1_85' title='bbox 479 1527 592 1599; x_wconf 88' lang='lat' dir='ltr'><strong>pauca</strong></span> <span class='ocrx_word' id='word_1_86' title='bbox 603 1554 615 1592; x_wconf 90' lang='lat'><strong>,</strong></span> <span class='ocrx_word' id='word_1_87' title='bbox 640 1528 720 1602; x_wconf 72' lang='lat' dir='ltr'><strong>quae</strong></span> <span class='ocrx_word' id='word_1_88' title='bbox 744 1529 815 1574; x_wconf 90' lang='lat' dir='ltr'><strong>non</strong></span> <span class='ocrx_word' id='word_1_89' title='bbox 831 1502 946 1575; x_wconf 84' lang='lat' dir='ltr'><strong>levem</strong></span> <span class='ocrx_word' id='word_1_90' title='bbox 965 1527 1089 1601; x_wconf 87' lang='lat' dir='ltr'><strong>quere-</strong></span> 
     </span>
     <span class='ocr_line' id='line_1_15' title="bbox 146 1591 1181 1698; baseline 0.002 -31"><span class='ocrx_word' id='word_1_91' title='bbox 146 1591 264 1668; x_wconf 83' lang='lat' dir='ltr'>larum</span> <span class='ocrx_word' id='word_1_92' title='bbox 287 1613 442 1698; x_wconf 78' lang='lat' dir='ltr'><strong>segetem</strong></span> <span class='ocrx_word' id='word_1_93' title='bbox 462 1595 829 1672; x_wconf 48' lang='lat' dir='ltr'><strong>sufficianttPostulat</strong></span> <span class='ocrx_word' id='word_1_94' title='bbox 852 1597 995 1670; x_wconf 80' lang='lat' dir='ltr'><strong>duobis</strong></span> <span class='ocrx_word' id='word_1_95' title='bbox 1009 1624 1090 1669; x_wconf 88' lang='lat' dir='ltr'><strong>mu·</strong></span> <span class='ocrx_word' id='word_1_96' title='bbox 1179 1633 1181 1640; x_wconf 36' lang='lat' dir='ltr'>v</span> 
     </span>
     <span class='ocr_line' id='line_1_16' title="bbox 147 1689 1088 1796; baseline 0.004 -32"><span class='ocrx_word' id='word_1_97' title='bbox 147 1689 241 1764; x_wconf 85' lang='lat' dir='ltr'><strong>neris</strong></span> <span class='ocrx_word' id='word_1_98' title='bbox 256 1691 378 1785; x_wconf 78' lang='lat' dir='ltr'><strong>illius,</strong></span> <span class='ocrx_word' id='word_1_99' title='bbox 393 1723 463 1796; x_wconf 91' lang='lat' dir='ltr'><strong>quo</strong></span> <span class='ocrx_word' id='word_1_100' title='bbox 486 1695 743 1796; x_wconf 79' lang='lat' dir='ltr'><strong>defungimur,¹</strong></span> <span class='ocrx_word' id='word_1_101' title='bbox 762 1695 852 1768; x_wconf 78' lang='lat' dir='ltr'><strong>ratio</strong></span> <span class='ocrx_word' id='word_1_102' title='bbox 875 1697 929 1768; x_wconf 89' lang='lat' dir='ltr'><strong>sin</strong></span> <span class='ocrx_word' id='word_1_103' title='bbox 977 1695 1088 1768; x_wconf 78' lang='lat' dir='ltr'><strong>larem</strong></span> 
     </span>
     <span class='ocr_line' id='line_1_17' title="bbox 146 1787 1085 1894; baseline 0.006 -34"><span class='ocrx_word' id='word_1_104' title='bbox 146 1787 188 1863; x_wconf 86' lang='lat' dir='ltr'><strong>in</strong></span> <span class='ocrx_word' id='word_1_105' title='bbox 202 1787 276 1862; x_wconf 88' lang='lat' dir='ltr'><strong>foro</strong></span> <span class='ocrx_word' id='word_1_106' title='bbox 299 1789 563 1886; x_wconf 83' lang='lat' dir='ltr'><strong>assiduitatem,</strong></span> <span class='ocrx_word' id='word_1_107' title='bbox 585 1791 796 1866; x_wconf 78' lang='lat' dir='ltr'><strong>indefessam</strong></span> <span class='ocrx_word' id='word_1_108' title='bbox 819 1793 913 1866; x_wconf 90' lang='lat' dir='ltr'><strong>domi</strong></span> <span class='ocrx_word' id='word_1_109' title='bbox 963 1793 1085 1894; x_wconf 77' lang='lat' dir='ltr'><strong>&#39;liges&#39;-</strong></span> 
     </span>
     <span class='ocr_line' id='line_1_18' title="bbox 145 1886 1092 1988; baseline 0.003 -30"><span class='ocrx_word' id='word_1_110' title='bbox 145 1886 252 1979; x_wconf 88' lang='lat' dir='ltr'><strong>tiam,</strong></span> <span class='ocrx_word' id='word_1_111' title='bbox 270 1891 478 1988; x_wconf 84' lang='lat' dir='ltr'><strong>patientiam</strong></span> <span class='ocrx_word' id='word_1_112' title='bbox 493 1893 532 1964; x_wconf 92' lang='lat' dir='ltr'><strong>in</strong></span> <span class='ocrx_word' id='word_1_113' title='bbox 543 1889 727 1963; x_wconf 85' lang='lat' dir='ltr'><strong>audiendis</strong></span> <span class='ocrx_word' id='word_1_114' title='bbox 737 1891 922 1962; x_wconf 79' lang='lat' dir='ltr'><strong>clientibus</strong></span> <span class='ocrx_word' id='word_1_115' title='bbox 938 1891 1092 1962; x_wconf 81' lang='lat' dir='ltr'><strong>incredi-</strong></span> 
     </span>
     <span class='ocr_line' id='line_1_19' title="bbox 145 1980 1088 2089; baseline 0.005 -35"><span class='ocrx_word' id='word_1_116' title='bbox 145 1980 274 2078; x_wconf 87' lang='lat' dir='ltr'><strong>bilem,</strong></span> <span class='ocrx_word' id='word_1_117' title='bbox 286 2013 444 2060; x_wconf 84' lang='lat' dir='ltr'><strong>severam</strong></span> <span class='ocrx_word' id='word_1_118' title='bbox 452 1989 490 2058; x_wconf 91' lang='lat' dir='ltr'><strong>in</strong></span> <span class='ocrx_word' id='word_1_119' title='bbox 502 1990 635 2060; x_wconf 73' lang='lat' dir='ltr'><strong>tuenda</strong></span> <span class='ocrx_word' id='word_1_120' title='bbox 646 1989 818 2089; x_wconf 84' lang='lat' dir='ltr'><strong>gravitate</strong></span> <span class='ocrx_word' id='word_1_121' title='bbox 835 1983 1064 2058; x_wconf 80' lang='lat' dir='ltr'><strong>constantiam</strong></span> <span class='ocrx_word' id='word_1_122' title='bbox 1073 2017 1088 2080; x_wconf 77' lang='lat'>3</span> 
     </span>
     <span class='ocr_line' id='line_1_20' title="bbox 146 2085 1088 2186; baseline 0.001 -32"><span class='ocrx_word' id='word_1_123' title='bbox 146 2107 228 2181; x_wconf 82' lang='lat' dir='ltr'><strong>quae</strong></span> <span class='ocrx_word' id='word_1_124' title='bbox 244 2087 324 2159; x_wconf 71' lang='lat' dir='ltr'><strong>otim</strong></span> <span class='ocrx_word' id='word_1_125' title='bbox 340 2087 457 2162; x_wconf 87' lang='lat' dir='ltr'><strong>omnia</strong></span> <span class='ocrx_word' id='word_1_126' title='bbox 469 2087 532 2162; x_wconf 88' lang='lat' dir='ltr'><strong>dili</strong></span> <span class='ocrx_word' id='word_1_127' title='bbox 555 2101 656 2158; x_wconf 86' lang='lat' dir='ltr'><strong>enter</strong></span> <span class='ocrx_word' id='word_1_128' title='bbox 670 2087 799 2156; x_wconf 80' lang='lat' dir='ltr'><strong>Oretor</strong></span> <span class='ocrx_word' id='word_1_129' title='bbox 806 2085 989 2186; x_wconf 80' lang='lat' dir='ltr'><strong>exposuit,</strong></span> <span class='ocrx_word' id='word_1_130' title='bbox 1008 2099 1088 2156; x_wconf 86' lang='lat' dir='ltr'><strong>tum</strong></span> 
     </span>
     <span class='ocr_line' id='line_1_21' title="bbox 147 2113 1087 2285; baseline 0.003 -35"><span class='ocrx_word' id='word_1_131' title='bbox 147 2205 220 2250; x_wconf 90' lang='lat' dir='ltr'><strong>non</strong></span> <span class='ocrx_word' id='word_1_132' title='bbox 241 2183 488 2274; x_wconf 80' lang='lat' dir='ltr'><strong>mediocrem,</strong></span> <span class='ocrx_word' id='word_1_133' title='bbox 503 2113 556 2256; x_wconf 73' lang='lat' dir='ltr'><strong>ad</strong></span> <span class='ocrx_word' id='word_1_134' title='bbox 570 2183 882 2284; x_wconf 87' lang='lat' dir='ltr'><strong>persuadendum,</strong></span> <span class='ocrx_word' id='word_1_135' title='bbox 904 2183 999 2285; x_wconf 89' lang='lat' dir='ltr'><strong>quod</strong></span> <span class='ocrx_word' id='word_1_136' title='bbox 1021 2207 1087 2254; x_wconf 76' lang='lat' dir='ltr'><strong>so-</strong></span> 
     </span>
     <span class='ocr_line' id='line_1_22' title="bbox 51 2275 1074 2370; baseline 0.007 -23"><span class='ocrx_word' id='word_1_137' title='bbox 51 2355 55 2364; x_wconf 42' lang='lat'><strong>,</strong></span> <span class='ocrx_word' id='word_1_138' title='bbox 147 2275 276 2370; x_wconf 89' lang='lat' dir='ltr'><strong>lebat,</strong></span> <span class='ocrx_word' id='word_1_139' title='bbox 303 2280 377 2354; x_wconf 68' lang='lat' dir='ltr'><strong>¹rim</strong></span> <span class='ocrx_word' id='word_1_140' title='bbox 398 2279 564 2354; x_wconf 87' lang='lat' dir='ltr'><strong>babuisse</strong></span> <span class='ocrx_word' id='word_1_141' title='bbox 586 2283 684 2352; x_wconf 85' lang='lat' dir='ltr'><strong>visus</strong></span> <span class='ocrx_word' id='word_1_142' title='bbox 701 2296 768 2352; x_wconf 77' lang='lat' dir='ltr'><strong>est.</strong></span> <span class='ocrx_word' id='word_1_143' title='bbox 1069 2313 1074 2324; x_wconf 94' lang='lat'><strong>·</strong></span> 
     </span>
     <span class='ocr_line' id='line_1_23' title="bbox 59 2376 1093 2480; baseline 0.001 -32"><span class='ocrx_word' id='word_1_144' title='bbox 59 2423 65 2432; x_wconf 91' lang='lat'><strong>·</strong></span> <span class='ocrx_word' id='word_1_145' title='bbox 138 2439 145 2450; x_wconf 88' lang='lat'><strong>.</strong></span> <span class='ocrx_word' id='word_1_146' title='bbox 197 2376 332 2454; x_wconf 76' lang='lat' dir='ltr'><strong>Verum</strong></span> <span class='ocrx_word' id='word_1_147' title='bbox 349 2406 393 2452; x_wconf 82' lang='lat' dir='ltr'><strong>ex</strong></span> <span class='ocrx_word' id='word_1_148' title='bbox 409 2405 506 2480; x_wconf 84' lang='lat' dir='ltr'><strong>quo,</strong></span> <span class='ocrx_word' id='word_1_149' title='bbox 523 2377 666 2452; x_wconf 86' lang='lat' dir='ltr'><strong>Judi&#39;ces</strong></span> <span class='ocrx_word' id='word_1_150' title='bbox 680 2384 839 2480; x_wconf 61' lang='lat' dir='ltr'><strong>,pueros</strong></span> <span class='ocrx_word' id='word_1_151' title='bbox 857 2377 951 2448; x_wconf 83' lang='lat' dir='ltr'><strong>necti</strong></span> <span class='ocrx_word' id='word_1_152' title='bbox 968 2405 1093 2450; x_wconf 85' lang='lat' dir='ltr'><strong>sumus</strong></span> 
     </span>
     <span class='ocr_line' id='line_1_24' title="bbox 147 2473 1091 2574; baseline 0 -28"><span class='ocrx_word' id='word_1_153' title='bbox 147 2473 451 2574; x_wconf 81' lang='lat' dir='ltr'><strong>tamingeniosos,</strong></span> <span class='ocrx_word' id='word_1_154' title='bbox 473 2492 549 2550; x_wconf 89' lang='lat' dir='ltr'><strong>tam</strong></span> <span class='ocrx_word' id='word_1_155' title='bbox 559 2476 724 2568; x_wconf 84' lang='lat' dir='ltr'><strong>solertes,</strong></span> <span class='ocrx_word' id='word_1_156' title='bbox 743 2494 818 2548; x_wconf 86' lang='lat' dir='ltr'><strong>tam</strong></span> <span class='ocrx_word' id='word_1_157' title='bbox 834 2474 1091 2546; x_wconf 66' lang='lat' dir='ltr'><strong>facundoslsst</strong></span> 
     </span>
     <span class='ocr_line' id='line_1_25' title="bbox 146 2571 1091 2675; baseline 0.005 -35"><span class='ocrx_word' id='word_1_158' title='bbox 146 2574 249 2660; x_wconf 72' lang='lat' dir='ltr'><strong>ecutd</strong></span> <span class='ocrx_word' id='word_1_159' title='bbox 269 2573 420 2671; x_wconf 81' lang='lat' dir='ltr'><strong>garrivit</strong></span> <span class='ocrx_word' id='word_1_160' title='bbox 432 2571 697 2665; x_wconf 86' lang='lat' dir='ltr'><strong>Philomatlms,</strong></span> <span class='ocrx_word' id='word_1_161' title='bbox 716 2592 758 2645; x_wconf 91' lang='lat' dir='ltr'><strong>ut</strong></span> <span class='ocrx_word' id='word_1_162' title='bbox 775 2572 1008 2675; x_wconf 87' lang='lat' dir='ltr'><strong>egitcomiter</strong></span> <span class='ocrx_word' id='word_1_163' title='bbox 1018 2625 1029 2666; x_wconf 94' lang='lat'><strong>,</strong></span> <span class='ocrx_word' id='word_1_164' title='bbox 1047 2590 1091 2645; x_wconf 79' lang='lat' dir='ltr'><strong>ut</strong></span> 
     </span>
     <span class='ocr_line' id='line_1_26' title="bbox 147 2667 1091 2772; baseline 0.005 -35"><span class='ocrx_word' id='word_1_165' title='bbox 147 2671 404 2742; x_wconf 70' lang='lat' dir='ltr'><strong>accommodate</strong></span> <span class='ocrx_word' id='word_1_166' title='bbox 415 2671 461 2742; x_wconf 92' lang='lat' dir='ltr'><strong>ad</strong></span> <span class='ocrx_word' id='word_1_167' title='bbox 471 2673 757 2769; x_wconf 83' lang='lat' dir='ltr'><strong>persuadendum</strong></span> <span class='ocrx_word' id='word_1_168' title='bbox 764 2669 956 2772; x_wconf 84' lang='lat' dir='ltr'><strong>peroravit!</strong></span> <span class='ocrx_word' id='word_1_169' title='bbox 968 2667 1091 2762; x_wconf 73' lang='lat' dir='ltr'><strong>Quam</strong></span> 
     </span>
     <span class='ocr_line' id='line_1_27' title="bbox 148 2765 1088 2871; baseline 0.003 -34"><span class='ocrx_word' id='word_1_170' title='bbox 148 2765 267 2838; x_wconf 78' lang='lat' dir='ltr'><strong>native</strong></span> <span class='ocrx_word' id='word_1_171' title='bbox 284 2767 463 2840; x_wconf 84' lang='lat' dir='ltr'><strong>contexuit</strong></span> <span class='ocrx_word' id='word_1_172' title='bbox 478 2785 589 2840; x_wconf 90' lang='lat' dir='ltr'><strong>totam</strong></span> <span class='ocrx_word' id='word_1_173' title='bbox 605 2771 818 2871; x_wconf 83' lang='lat' dir='ltr'><strong>quotidianae</strong></span> <span class='ocrx_word' id='word_1_174' title='bbox 837 2768 920 2840; x_wconf 84' lang='lat' dir='ltr'><strong>vitae</strong></span> <span class='ocrx_word' id='word_1_175' title='bbox 938 2766 1088 2840; x_wconf 69' lang='lat' dir='ltr'><strong>seriem!</strong></span> 
     </span>
     <span class='ocr_line' id='line_1_28' title="bbox 176 2863 1090 2968; baseline -0.003 -30"><span class='ocrx_word' id='word_1_176' title='bbox 176 2878 283 2938; x_wconf 74' lang='lat' dir='ltr'><strong>uento</strong></span> <span class='ocrx_word' id='word_1_177' title='bbox 297 2865 455 2939; x_wconf 71' lang='lat' dir='ltr'><strong>narravit</strong></span> <span class='ocrx_word' id='word_1_178' title='bbox 465 2893 551 2940; x_wconf 70' lang='lat' dir='ltr'><strong>,cum</strong></span> <span class='ocrx_word' id='word_1_179' title='bbox 561 2867 698 2968; x_wconf 85' lang='lat' dir='ltr'><strong>lepore,</strong></span> <span class='ocrx_word' id='word_1_180' title='bbox 718 2865 893 2968; x_wconf 90' lang='lat' dir='ltr'><strong>quidquid</strong></span> <span class='ocrx_word' id='word_1_181' title='bbox 903 2863 1090 2937; x_wconf 84' lang='lat' dir='ltr'><strong>ferendum</strong></span> 
     </span>
     <span class='ocr_line' id='line_1_29' title="bbox 138 2887 1089 3074; baseline 0.002 -43"><span class='ocrx_word' id='word_1_182' title='bbox 138 2887 301 3052; x_wconf 72' lang='lat' dir='ltr'><strong>durius,</strong></span> <span class='ocrx_word' id='word_1_183' title='bbox 329 2979 392 3036; x_wconf 90' lang='lat' dir='ltr'><strong>aut</strong></span> <span class='ocrx_word' id='word_1_184' title='bbox 416 2964 557 3074; x_wconf 79' lang='lat' dir='ltr'><strong>gravius</strong></span> <span class='ocrx_word' id='word_1_185' title='bbox 585 2966 817 3038; x_wconf 86' lang='lat' dir='ltr'><strong>metuendum</strong></span> <span class='ocrx_word' id='word_1_186' title='bbox 839 2961 1089 3036; x_wconf 66' lang='lat' dir='ltr'><strong>incumberet!</strong></span> 
     </span>
     <span class='ocr_line' id='line_1_30' title="bbox 150 3045 1092 3162; baseline 0.004 -34"><span class='ocrx_word' id='word_1_187' title='bbox 150 3053 287 3148; x_wconf 86' lang='lat' dir='ltr'><strong>Nulla,</strong></span> <span class='ocrx_word' id='word_1_188' title='bbox 313 3060 342 3130; x_wconf 92' lang='lat' dir='ltr'><strong>si</strong></span> <span class='ocrx_word' id='word_1_189' title='bbox 372 3045 459 3158; x_wconf 77' lang='lat' dir='ltr'><strong>quid</strong></span> <span class='ocrx_word' id='word_1_190' title='bbox 486 3061 554 3162; x_wconf 86' lang='lat' dir='ltr'><strong>ipsi</strong></span> <span class='ocrx_word' id='word_1_191' title='bbox 579 3063 778 3154; x_wconf 88' lang='lat' dir='ltr'><strong>credimus,</strong></span> <span class='ocrx_word' id='word_1_192' title='bbox 802 3061 951 3136; x_wconf 82' lang='lat' dir='ltr'><strong>servitus</strong></span> <span class='ocrx_word' id='word_1_193' title='bbox 972 3059 1092 3134; x_wconf 85' lang='lat' dir='ltr'><strong>videri-</strong></span> 
     </span>
     <span class='ocr_line' id='line_1_31' title="bbox 151 3153 1091 3258; baseline 0.002 -32"><span class='ocrx_word' id='word_1_194' title='bbox 151 3153 258 3226; x_wconf 87' lang='lat' dir='ltr'><strong>debet</strong></span> <span class='ocrx_word' id='word_1_195' title='bbox 270 3155 425 3230; x_wconf 84' lang='lat' dir='ltr'><strong>acerbior</strong></span> <span class='ocrx_word' id='word_1_196' title='bbox 437 3161 498 3248; x_wconf 75' lang='lat' dir='ltr'><strong>ed,</strong></span> <span class='ocrx_word' id='word_1_197' title='bbox 514 3182 621 3258; x_wconf 87' lang='lat' dir='ltr'><strong>quam</strong></span> <span class='ocrx_word' id='word_1_198' title='bbox 633 3161 734 3258; x_wconf 84' lang='lat' dir='ltr'><strong>pueri</strong></span> <span class='ocrx_word' id='word_1_199' title='bbox 745 3157 943 3258; x_wconf 86' lang='lat' dir='ltr'><strong>patiuntur.</strong></span> <span class='ocrx_word' id='word_1_200' title='bbox 957 3157 1091 3231; x_wconf 87' lang='lat' dir='ltr'><strong>Alieno</strong></span> 
     </span>
     <span class='ocr_line' id='line_1_32' title="bbox 144 3250 1092 3357; baseline 0.007 -32"><span class='ocrx_word' id='word_1_201' title='bbox 144 3250 270 3325; x_wconf 80' lang='lat' dir='ltr'><strong>,vivere</strong></span> <span class='ocrx_word' id='word_1_202' title='bbox 287 3280 425 3353; x_wconf 80' lang='lat' dir='ltr'><strong>semper</strong></span> <span class='ocrx_word' id='word_1_203' title='bbox 440 3255 601 3348; x_wconf 88' lang='lat' dir='ltr'><strong>arbitrio,</strong></span> <span class='ocrx_word' id='word_1_204' title='bbox 619 3257 812 3330; x_wconf 88' lang='lat' dir='ltr'><strong>multorum</strong></span> <span class='ocrx_word' id='word_1_205' title='bbox 824 3253 1092 3357; x_wconf 82' lang='lat' dir='ltr'><strong>reprehensioni</strong></span> 
     </span>
     <span class='ocr_line' id='line_1_33' title="bbox 150 3351 1089 3450; baseline 0.01 -30"><span class='ocrx_word' id='word_1_206' title='bbox 150 3375 226 3422; x_wconf 86' lang='lat' dir='ltr'><strong>esse</strong></span> <span class='ocrx_word' id='word_1_207' title='bbox 242 3359 412 3450; x_wconf 81' lang='lat' dir='ltr'><strong>perpetub</strong></span> <span class='ocrx_word' id='word_1_208' title='bbox 427 3351 639 3446; x_wconf 71' lang='lat' dir='ltr'><strong>obnoxium,</strong></span> <span class='ocrx_word' id='word_1_209' title='bbox 659 3383 717 3427; x_wconf 89' lang='lat' dir='ltr'><strong>eos</strong></span> <span class='ocrx_word' id='word_1_210' title='bbox 733 3355 851 3427; x_wconf 87' lang='lat' dir='ltr'><strong>subire</strong></span> <span class='ocrx_word' id='word_1_211' title='bbox 866 3382 966 3428; x_wconf 88' lang='lat' dir='ltr'><strong>casus</strong></span> <span class='ocrx_word' id='word_1_212' title='bbox 982 3357 1089 3428; x_wconf 77' lang='lat' dir='ltr'><strong>iden-</strong></span> 
     </span>
     <span class='ocr_line' id='line_1_34' title="bbox 10 3447 1093 3551; baseline 0.005 -34"><span class='ocrx_word' id='word_1_213' title='bbox 10 3449 12 3458; x_wconf 77' lang='grc'>’</span> <span class='ocrx_word' id='word_1_214' title='bbox 44 3482 59 3514; x_wconf 84' lang='grc'><strong>·.</strong></span> <span class='ocrx_word' id='word_1_215' title='bbox 139 3447 288 3539; x_wconf 70' lang='lat' dir='ltr'><strong>tidem,</strong></span> <span class='ocrx_word' id='word_1_216' title='bbox 308 3517 310 3524; x_wconf 81' lang='grc'><strong>,</strong></span> <span class='ocrx_word' id='word_1_217' title='bbox 331 3450 371 3520; x_wconf 92' lang='lat' dir='ltr'><strong>ui</strong></span> <span class='ocrx_word' id='word_1_218' title='bbox 388 3453 728 3526; x_wconf 82' lang='lat' dir='ltr'><strong>constantem-etiam</strong></span> <span class='ocrx_word' id='word_1_219' title='bbox 746 3454 863 3526; x_wconf 75' lang='lat' dir='ltr'><strong>sirum</strong></span> <span class='ocrx_word' id='word_1_220' title='bbox 886 3471 986 3526; x_wconf 86' lang='lat' dir='ltr'><strong>metu</strong></span> <span class='ocrx_word' id='word_1_221' title='bbox 1003 3479 1093 3551; x_wconf 53' lang='lat' dir='ltr'><strong>per*</strong></span> 
     </span>
     <span class='ocr_line' id='line_1_35' title="bbox 152 3476 1091 3652; baseline 0.004 -38"><span class='ocrx_word' id='word_1_222' title='bbox 152 3476 401 3638; x_wconf 68' lang='lat' dir='ltr'><strong>cellant3quc</strong></span> <span class='ocrx_word' id='word_1_223' title='bbox 424 3563 530 3638; x_wconf 86' lang='lat' dir='ltr'><strong>sunt,</strong></span> <span class='ocrx_word' id='word_1_224' title='bbox 574 3575 630 3620; x_wconf 84' lang='lat' dir='ltr'><strong>uae</strong></span> <span class='ocrx_word' id='word_1_225' title='bbox 647 3566 722 3621; x_wconf 88' lang='lat' dir='ltr'><strong>tam</strong></span> <span class='ocrx_word' id='word_1_226' title='bbox 741 3553 876 3652; x_wconf 77' lang='lat' dir='ltr'><strong>copiose</strong></span> <span class='ocrx_word' id='word_1_227' title='bbox 897 3548 1066 3622; x_wconf 84' lang='lat' dir='ltr'><strong>disseruit·</strong></span> <span class='ocrx_word' id='word_1_228' title='bbox 1072 3601 1091 3638; x_wconf 79' lang='lat'><strong>„</strong></span> 
     </span>
     <span class='ocr_line' id='line_1_36' title="bbox 141 3574 1093 3756; baseline 0.002 -38"><span class='ocrx_word' id='word_1_229' title='bbox 141 3655 194 3718; x_wconf 78' lang='lat' dir='ltr'><strong>,ut</strong></span> <span class='ocrx_word' id='word_1_230' title='bbox 205 3648 341 3752; x_wconf 66' lang='lat' dir='ltr'><strong>tantem</strong></span> <span class='ocrx_word' id='word_1_231' title='bbox 353 3574 735 3756; x_wconf 71' lang='lat' dir='ltr'><strong>nonpersuaderetesse</strong></span> <span class='ocrx_word' id='word_1_232' title='bbox 742 3649 975 3723; x_wconf 84' lang='lat' dir='ltr'><strong>conditionem</strong></span> <span class='ocrx_word' id='word_1_233' title='bbox 983 3669 1093 3734; x_wconf 73' lang='lat' dir='ltr'><strong>suam</strong></span> 
     </span>
     <span class='ocr_line' id='line_1_37' title="bbox 148 3763 571 3816; baseline 0.012 -7"><span class='ocrx_word' id='word_1_234' title='bbox 148 3763 309 3812; x_wconf 78' lang='lat' dir='ltr'><strong>omnium</strong></span> <span class='ocrx_word' id='word_1_235' title='bbox 324 3769 571 3816; x_wconf 76' lang='lat' dir='ltr'><strong>miserrimam.</strong></span> 
     </span>
    </p>
   </div>
   <div class='ocr_carea' id='block_1_3' title="bbox 0 0 1384 4416">
    <p class='ocr_par' dir='ltr' id='par_1_3' title="bbox 0 0 1384 4416">
     <span class='ocr_line' id='line_1_38' title="bbox 0 0 1384 4416; baseline 0 0"><span class='ocrx_word' id='word_1_236' title='bbox 0 0 1384 4416; x_wconf 95' lang='lat' dir='ltr'><strong> </strong></span> 
     </span>
    </p>
   </div>
  </div>
 </body>
</html>
