2760 4416
173 3615 178 3619 ’
297 3614 388 3684 tiens
407 3630 512 3712 atque
530 3611 624 3701 solis,
639 3607 701 3682 sed
717 3611 755 3680 in
770 3639 829 3682 um

285 183 358 271 501
546 191 1021 285 11111101·1011“

283 319 401 396 metu,
420 299 550 392 milites
569 299 794 412 despiciunt,
821 326 908 400 quos
932 301 1099 374 saeviente
1125 295 1222 394 bello*

282 396 567 472 venerabantur:
585 425 648 508 qui
664 413 799 470 mutato
823 415 977 496 tempore
1006 402 1134 472 mutati
1152 427 1220 498 pa7

283 497 370 570 riter
387 495 563 566 lacessunt
585 496 708 595 jurgiis
724 549 735 586 ,
760 511 797 566 et
812 495 1028 568 contumeliis
1046 514 1218 586 onerant,

284 619 372 695 quos
400 590 612 690 supplicibus
640 594 728 663 votis
754 619 794 662 ac
822 594 983 692 precibus
1006 594 1109 692 paulo
1138 597 1221 664 ante

223 709 228 716 ’
308 688 597 790 rosequeb'antur.
618 689 674 760 Sic
690 691 870 788 prostratis
883 689 1081 793 fugatisque
1099 691 1222 790 patriae

283 719 444 860 lostibu's
461 839 471 878 ,
491 787 606 858 hostes
630 789 744 884 patria
773 789 909 881 nutrit,
947 817 1096 891 quorum
1122 793 1223 860 101110

232 903 234 911 ’
285 883 536 958 intolerabilior
554 884 762 975 inimicitia,
792 887 1056 985 quantominus
1077 885 1123 958 ad
1143 911 1224 960 eam

286 982 554 1081 demulcendam
566 983 718 1080 praesidii
730 982 954 1082 relinquitur.
1024 973 1033 1002 ‘

337 1077 477 1150 Scilicet
499 1105 546 1151 aes
573 1080 727 1152 alienum
753 1083 1018 1154 contraximus:
1043 1079 1107 1152 hoc
1137 1077 1225 1150 belli

287 1187 371 1257 usus
396 1204 539 1248 consum
565 1179 609 1249 sit
621 1207 631 1268 3
656 1194 715 1268 et,
734 1179 829 1278 quod
847 1181 1012 1278 temporis
1036 1177 1227 1250 necessitas

287 1274 488 1365 obtulerat,
508 1205 710 1348 ifavaritia
721 1276 869 1373 reposcit
879 1275 1066 1376 implacata
1083 1283 1226 1372 semper

289 1388 327 1444 et
337 1371 573 1444 inexorabilis.
593 1373 687 1442 Hinc
700 1399 824 1472 aspera
835 1372 936 1444 nobis
951 1389 1074 1445 cuncta
1090 1425 1100 1462 ,
1121 1371 1226 1444 Judi-

289 1497 366 1560 cos3
382 1469 476 1541 domi
488 1469 628 1569 inopia,
647 1466 728 1540 foris
746 1497 792 1542 aes
806 1470 972 1542 alienum.
987 1469 1088 1542 Nihil
1100 1485 1229 1567 praeter

290 1567 456 1640 mismam
475 1569 630 1638 animam
642 1567 769 1668 reliqui
785 1567 982 1660 habemns,
1002 1569 1075 1639 sine
1092 1567 1226 1667 gratil,

290 1663 366 1736 sine
384 1652 591 1736 auctoritate
616 1665 661 1736 iis
681 1664 838 1756 obnoxii,
867 1665 1016 1768 quibus,
1049 1665 1078 1735 si
1095 1663 1228 1736 valeret

291 1761 419 1852 hostis,
439 1761 619 1833 formidini
632 1789 800 1834 essemus.
822 1764 930 1856 Quod
940 1751 981 1834 siJ
988 1760 1141 1834 melioris
1160 1756 1230 1831 for-

290 1876 389 1931 tunae
407 1885 484 1958 spes
503 1857 695 1960 affulgeat,
715 1887 795 1960 quae
811 1859 928 1932 levare
944 1883 1127 1929 aerumnas.
1142 1883 1226 1927 nos-

291 1964 385 2049 tras,
405 1975 441 2029 et
466 1957 622 2028 miserias
645 1957 815 2025 consolari
838 1983 936 2052 posse
954 1956 1143 2044 videatur,
1167 1954 1230 2023 ad-

264 2125 267 2132 ,
289 2082 406 2126 versos
423 2054 624 2150 experimur
635 2050 726 2150 ipsos
742 2053 1037 2153 consanguineos,
1081 2077 1147 2122 uos
1157 2079 1228 2122 11011

289 2166 365 2222 tam
392 2176 513 2220 rerum
540 2175 684 2220 suarum
712 2149 921 2240 necessitas,
942 2079 1229 2250 quanlabendi

291 2247 464 2416 cuppditas
495 2246 662 2317 insatiata
690 2246 921 2338 exstimulat3
960 2248 1022 2347 qui
1052 2247 1229 2320 dediscere

292 2373 328 2418 v1

292 2425 782 2543 refingantetinfortunatos·
983 2499 999 2534 χ

343 2540 440 2612 Nam
464 2539 552 2636 quid
568 2541 779 2610 Mercatura
802 2541 1019 2611 incommoda
1046 2537 1145 2608 nobis
1163 2535 1249 2612 ob-.

293 2637 417 2708 tendat
436 2635 712 2732 consanguineus
729 2636 789 2706 ille
805 2653 942 2727 noster,
964 2633 1232 2733 tranquillitatis

293 2750 342 2806 et
365 2729 592 2802 abundantiae
616 2756 688 2802 suae
719 2728 916 2804 fastidiosus
936 2731 952 2802 l
983 2731 1233 2803 Obscuriorem

293 2829 405 2914 vitam
423 2827 545 2931 degitl
571 2844 609 2898 at
628 2855 785 2900 securam
808 2846 845 2900 et
861 2845 1111 2930 quaestuosam.
1133 2831 1242 2900 Aua.

293 2927 529 3010 trummetuit
537 2925 735 2997 commissas
745 2926 868 3039 pelago
880 2926 1232 3022 mercesiactantcml

205 3085 208 3090 .
295 3043 335 3096 at
350 3024 508 3123 procellis
525 3023 739 3095 luctantibus
749 3051 859 3097 navls
883 3041 1004 3124 erepta
1020 3025 1142 3097 breves
1161 3051 1234 3094 mo-

375 2353 459 2416 ntur
481 2344 685 2416 conditionis
711 2371 783 2416 suae
798 2345 1003 2437 commoda,
1029 2362 1069 2416 ut
1086 2345 1232 2416 miseros
1334 2352 1346 2366 ⁵

294 3124 414 3195 lestias
432 3120 638 3192 consolatur.
657 3121 722 3192 Illa
737 3123 811 3194 vim
826 3149 932 3195 maris
950 3139 1012 3194 aut
1029 3123 1235 3223 praedonum
1356 3189 1360 3200 ,

240 3299 242 3304 ,
296 3219 451 3322 furorem
477 3238 620 3388 experta
640 3245 718 3332 spes
736 3220 930 3292 laetissimas
947 3220 1123 3292 interdum
1139 3218 1234 3290 frus-

296 3335 423 3390 tratur.
443 3319 495 3389 At
549 3343 597 3390 aec
619 3317 761 3390 orientis
779 3335 904 3389 onusta
924 3317 1038 3417 spoliis
1056 3335 1093 3388 et
1106 3316 1234 3482 patriis

297 3415 426 3488 finibus
443 3417 583 3487 reddita
597 3413 745 3487 feliciter
759 3415 932 3513 jacturam
953 3415 1067 3488 levem
1092 3441 1112 3483 a
1138 3413 1234 3484 unde
1308 3469 1314 3476 .

297 3531 510 3613 compensat.
534 3514 617 3584 Non
634 3513 693 3584 ille
723 3517 815 3586 certe
831 3513 984 3680 pulveris
1001 3514 1157 3624 upquam
1172 3503 1237 3610 pa·

856 3614 895 3682 11
907 3626 1013 3709 atque
1026 3637 1063 3680 m
1077 3607 1160 3699 otio,
1176 3610 1234 3678 do·

298 3707 1233 3811 mesticosintrapenatesplacidissimumaevumexigit.
