2768 4410
313 219 384 290 a&
579 233 992 288 nannonrcm

240 363 244 384 ⁴
310 337 373 438 phi
398 351 627 436 apparatum,
654 335 750 448 quid'
768 335 1000 435 gratissimam
1024 334 1251 412 festivitatem

310 462 381 506 non
409 434 522 546 sapit?
544 435 640 540 Qpid
667 433 773 531 igitur
797 461 902 506 morae
921 452 998 526 est,
1028 436 1114 534 quin
1139 435 1251 508 laton-

309 547 384 602 tem
410 547 516 604 etram
546 557 646 602 reum
671 530 794 602 vestris
819 532 1000 604 sententiis
1022 534 1150 606 eruatis
1163 586 1174 624 ,
1189 550 1246 625 et,
1303 603 1321 610 ,

337 655 420 700 uam
434 629 578 700 meritus
601 643 654 698 est
669 627 799 700 scelere
813 655 875 700 suo
893 657 1034 727 poenam
1048 681 1060 720 ,
1076 631 1250 730 irrogetis.

308 655 385 798 boc
397 742 562 836 repetunt
574 724 1003 835 piivGermanicicinerea,
1014 726 1079 798 boc
1096 727 1250 799 desolata

309 823 500 896 liberorum
535 850 547 892 1
574 849 644 892 sius
673 819 827 912 orbitas,
862 823 925 894 boc
957 825 1112 924 Augusti
1136 825 1253 925 neptis

310 921 509 1023 Agrippina
557 919 668 1018 agitat
691 936 728 990 et
748 918 957 996 obtestatur.

230 1092 237 1106 ‘
279 1109 290 1119 ·
379 1177 383 1193 y
429 1063 430 1071 ‘
466 1089 612 1166 Ami
657 1093 1089 1168 Exancrrnrro.

310 1243 473 1316 Romani
505 1237 706 1339 crcjusdam
739 1238 798 1310 ad
828 1223 1064 1312 Coriolanum
1097 1241 1228 1314 Omtio
1236 1293 1254 1328 ,

359 1339 444 1440 crim
468 1341 600 1408 aratris
629 1353 671 1408 et
693 1341 826 1408 uxoris
840 1337 1024 1438 precibus
1057 1341 1255 1440 irrepugna-

323 1455 328 1467 ·
358 1454 419 1508 tus
435 1489 451 1522 ,
489 1436 653 1518 Romam
683 1433 735 1508 ab
771 1433 967 1508 obsidione
998 1434 1141 1510 solvere
1170 1453 1252 1508 sto·

294 1599 296 1608 .
359 1537 505 1606 ruisset.
599 1579 602 1586 ·

310 1697 411 1758 Locus
422 1695 461 1756 ab
472 1693 640 1777 Adjunctia
650 1689 914 1756 Antecedentibus
927 1708 957 1756 et
971 1693 1251 1776 consequentibus.

501 1901 504 1924 Ι
599 1834 958 1896 sYNoPsla

311 1985 434 2050 Esconrl.
449 1933 571 2046 Ram
591 1984 709 2063 ipsam,
730 1980 933 2063 quamfacere
955 1997 1061 2064 parat,
1080 1982 1251 2062 exhibebit.

311 2063 435 2128 Scilicet
458 2081 664 2146 expugnatum
691 2063 784 2124 fuisse
814 2061 977 2124 mulierum
1005 2064 1147 2145 precibus
1167 2061 1255 2126 illius

311 2147 466 2226 animum,
485 2169 576 2228 quem
594 2145 702 2230 Legati
717 2145 948 2224 Romanorum,
969 2167 1054 2205 amor
1072 2149 1180 2228 patriae
1205 2149 1255 2206 ir:-

310 2233 428 2304 victum
448 2242 616 2294 senserant·
1254 2251 1259 2260 ·

351 2315 539 2394 Propositio.
563 2310 651 2368 Petet
670 2329 711 2366 an
734 2310 879 2390 abjecerit
892 2306 1049 2368 laudabile
1068 2309 1256 2389 consilium,

311 2393 395 2478 quod
407 2396 538 2468 inierat,
558 2390 737 2450 vindicandi
753 2391 884 2450 Romam
896 2391 935 2454 ab
950 2391 1057 2471 iniqui
1080 2389 1181 2472 plebis
1198 2393 1255 2453 do·

310 2478 500 2550 minatione,
517 2494 557 2531 an
577 2493 640 2531 non
663 2473 766 2532 videat
790 2471 964 2554 periculum
987 2472 1070 2554 quod
1090 2473 1203 2550 adeat,
1227 2479 1255 2534 si

312 2557 351 2616 ab
373 2560 508 2636 incoepto
523 2553 685 2614 destiterit.

352 2637 488 2696 Priorem
505 2650 624 2716 partem
642 2634 783 2716 probabit
797 2635 835 2694 ab
854 2633 1139 2712 Antecedentibu83
1165 2637 1253 2720 jube-

311 2718 419 2800 bitque
439 2717 540 2798 ipsum
561 2720 754 2792 meminisse,
781 2739 842 2799 quo
870 2715 971 2794 studio
993 2713 1147 2776 libertatis
1171 2739 1256 2779 arma

312 2802 492 2881 sumpserit,
506 2821 569 2859 non
584 2812 613 2857 te
628 2801 755 2880 privatae
770 2800 910 2880 injuriae,
924 2819 987 2858 non
1002 2795 1109 2879 populi
1128 2799 1253 2880 odium,

312 2882 366 2942 sed
378 2884 738 2963 patriajugo'mancipata
752 2879 939 2957 stimulavit,
956 2901 1018 2940 non
1030 2883 1162 2961 potuisti
1178 2884 1256 2945 ferre

312 2964 520 3024 dominantem
541 2962 698 3024 nobilitati
718 2976 748 3022 et
763 2961 844 3046 leges
868 2964 1074 3043 imponentem
1090 2963 1254 3046 populum.

312 3045 366 3106 An
383 3045 521 3127 elanguit
542 3045 632 3105 ardor
645 3043 717 3121 ille,
741 3044 989 3106 muliercularum
1005 3045 1150 3125 precibus
1172 3049 1254 3108 evic-

312 3140 381 3205 tus,
401 3121 458 3188 cte.
475 3148 514 3186 an
532 3126 641 3208 docilis
655 3123 787 3209 populus
805 3125 901 3186 factus
915 3141 978 3203 est,
999 3141 1058 3186 etc.

308 3203 314 3210 ’
352 3207 492 3268 Alteram
500 3223 615 3290 partem
627 3207 793 3289 probabitt
805 3203 1084 3290 Consequentibns,
1100 3223 1248 3290 exponet-

313 3309 373 3372 que
392 3293 483 3371 quam
506 3289 636 3350 multum
656 3289 822 3350 timendum
843 3291 955 3350 habeat
969 3295 986 3350 ὰ
999 3291 1168 3366 Romania,
1214 3294 1250 3359 ui

312 3375 409 3433 aerius
431 3374 516 3432 ocius
540 3372 644 3432 illatas
667 3375 797 3454 injurias
812 3371 1018 3448 ulciscentu13
1042 3375 1133 3452 qnam
1153 3313 1253 3432 mrilta

312 3454 352 3514 ab
368 3455 442 3534 ipsis
464 3451 606 3530 Volscis,
630 3458 686 3534 qui
709 3458 865 3534 patientur
888 3455 1026 3534 ,iniquius
1047 3455 1164 3528 initum
1180 3475 1251 3516 cum

312 3540 388 3617 ipsis
406 3531 505 3596 soerlus
520 3535 683 3616 abrumpi,
705 3551 762 3594 etc.

288 3694 294 3702 1
357 3615 529 3678 Conclusio.
546 3617 604 3675 Per
616 3615 824 3678 vehementem
839 3617 1107 3700 Deprecatiouem.
