2736 4414
335 213 821 270 aran-naaman
983 203 1057 302 575

115 340 186 412 non
213 320 404 410 ex'armes,
433 334 621 418 postquam
646 317 801 418 rigidum
813 369 826 410 ‚
859 309 1056 422 asperum,

115 413 346 489 humanitatis
373 416 485 488 omnis
515 429 695 514 expertem
726 414 874 488 Rubum
908 419 1054 514 vicisti,

116 541 158 586 su
184 514 318 586 erastil
347 511 481 586 Felices
507 519 612 613 porro
633 529 670 586 et
695 509 883 586 fortunatae
906 515 1057 592 nimium

116 612 153 683 A
196 637 300 703 enae,
325 637 418 712 2quae
442 628 478 684 te
507 611 653 682 alumno
705 611 883 682 audeant!
918 639 1057 686 securas

115 733 191 782 esse
202 709 276 809 jam
287 707 365 780 illas
376 709 469 802 volo,
480 709 568 808 quid
584 637 718 780 consili
729 706 1055 822 Philippuscapiat,

114 806 205 914 quid
219 805 464 898 machinetur,
489 806 577 906 quid
593 821 717 905 paret,
738 805 823 878 dum
839 823 875 880 te
892 823 1057 906 sospitem

114 904 252 977 salvum
277 932 323 977 ue
344 901 574 976 Atheniensis
598 902 748 1004 populus
770 903 838 980 sibi
858 904 1056 1006 guandabi-

98 1017 185 1072 'tun
210 931 371 1074 Hdlbebit
385 1001 446 1073 ille
461 1027 574 1115 propu
644 999 789 1094 culum,
809 1003 866 1084 aui
883 1019 1056 1103 tanquam

113 1095 244 1171 infelici
272 1097 413 1200 scopulo
436 1115 548 1173 virtus
603 1099 685 1170 ostis
709 1098 809 1174 allisa
835 1099 1052 1172 succumbat.

113 1197 174 1268 Tu
191 1201 275 1270 veri>
290 1195 410 1269 laetam
425 1196 464 1267 in
479 1195 607 1268 urbem
624 1198 887 1297 quamprimum
904 1195 1054 1288 advola,

111 1289 229 1367 fruere
253 1293 343 1374 votis
367 1294 526 1369 omnium
552 1311 590 1365 et
619 1293 816 1395 gratissima
840 1295 973 1368 reditlls
1000 1297 1055 1367 tui

111 1393 367 1492 expectatione.
398 1394 481 1465 Jam
502 1391 641 1492 preivit
657 1391 794 1464 dudum
814 1393 967 1466 viuoriae
983 1379 1055 1466 tisae

111 1484 234 1582 fains,
267 1505 305 1561 et
334 1487 494 1562 onmiun's
522 1489 660 1564 animos
686 1489 894 1564 suavissimi
921 1489 1054 1590 cogita-

111 1584 208 1660 tione
235 1586 409 1662 devinxit.
433 1587 584 1660 Plausus
616 1587 763 1686 excipe,
792 1613 878 1688 quos
907 1589 1055 1660 mexitus

109 1709 149 1754 es
161 1711 174 1776 3
207 1701 268 1778 et,
302 1684 366 1787 qui
389 1701 537 1784 ponatur
561 1685 687 1758 virtuti
708 1701 780 1758 tuae
792 1737 804 1778 ‚
835 1684 1056 1786 triumphum

109 1781 327 1880 praestolare.
355 1783 460 1857 Vale.
1065 1815 1072 1832 ·

100 1979 1053 2028 Mmmwwwwwmwvwmmwwwwumm

373 2023 377 2038 ’
418 2029 422 2040 ’
1048 2030 1051 2039 '
1242 2056 1250 2096 l

162 2123 528 2200 ADOLESCENS
554 2125 776 2200 NOBILIS
800 2129 973 2201 PATRI
983 2181 1009 2222 ‚¹

114 2285 170 2360 Ut
176 2289 359 2388 patiatur
374 2311 419 2359 se
437 2283 488 2356 ab
497 2287 589 2358 'ecto
598 2285 830 2360 Litterarum
848 2287 976 2360 suedia
998 2287 1058 2360 ad
1145 2271 1152 2285 ’

394 2382 473 2458 Bel
511 2405 547 2453 m
559 2381 769 2484 pmflcisci.

109 2501 250 2727 Quen
279 2545 421 2656 jubes,
456 2553 563 2626 Pater
585 2551 854 2646 amantissime,
888 2551 982 2636 ultro
1011 2582 1052 2630 ac
1096 2599 1135 2646 Aa
1151 2595 1241 2664 Dm„

108 2677 152 2726 to
167 2649 228 2726 esis
241 2651 418 2754 exequor3
435 2650 566 2724 chartis
580 2649 767 2751 impalesco
779 2667 874 2726 totus
882 2679 895 2744 ς
911 2677 953 2728 ac
969 2651 1052 2728 licet
1064 2663 1174 2715 eadm·

109 2751 236 2864 exiguo
252 2752 444 2822 admodum
460 2745 604 2841 frusta,
627 2747 815 2822 autetiam
835 2749 959 2840 nullo,
984 2749 1051 2828 hoe

110 2843 199 2920 milu
214 2863 268 2918 est
284 2847 331 2917 ad
341 2843 505 2918 solatium
523 2846 631 2933 satis,
656 2844 754 2941 qnod
769 2869 827 2916 me
846 2845 1052 2926 audientem

109 2946 202 3018 dicto
230 2960 267 3016 et
288 2943 334 3015 ad
361 2941 539 3044 quoslibet
561 2955 670 3012 nutus
691 2955 770 3012 tuos
796 2940 1051 3041 obsequentem

109 3041 233 3116 habes.
259 3042 311 3114 At
333 3041 363 3112 si
386 3036 619 3140 penitissimos
639 3036 748 3110 animi
774 3039 846 3110 mei
866 3061 1048 3134 recessus,

109 3169 192 3214 mun
211 3143 282 3231 ed,
306 3141 378 3240 qud
431 3161 471 3208 ar
493 3143 571 3228 est,
596 3133 849 3229 obsewantia,
879 3139 1050 3210 amantis-

109 3239 198 3312 simo
221 3237 320 3309 Patri
340 3167 521 3310 reelisdere
540 3235 668 3326 liceat,
693 3233 820 3308 nihile
844 3235 1050 3310 oodubitem
1327 3263 1353 3325 ο

108 3335 291 3428 confiteri,
331 3339 440 3408 nanto
457 3332 636 3406 lubentius
651 3383 662 3422 ,
679 3331 816 3430 abjecto
865 3331 1051 3416 'tterarum

108 3435 246 3528 studio,
304 3433 311 3451 '
341 3433 425 3506 uris
442 3429 633 3532 disciplinae
648 3425 786 3510 labores
804 3429 1048 3532 amplecterer.

108 3531 206 3606 Nam
224 3533 311 3647 quid
327 3531 460 3606 diutius
476 3528 533 3605 hle
549 3555 685 3622 moror,
715 3545 751 3600 et
763 3529 975 3629 primaevum
986 3532 1051 3604 Ju-

47 3655 52 3660 ’
107 3645 263 3703 tentatus
275 3626 400 3704 florem
412 3656 452 3702 ac
469 3628 626 3729 vigorem
638 3625 770 3710 frmtrd
785 3645 925 3714 contero
940 3628 982 3702 iu
993 3628 1049 3720 hit

107 3726 234 3806 studiis
264 3726 551 3830 peruastatis,
588 3751 671 3828 que
697 3749 880 3806 summum
903 3727 1048 3828 pasiuat
