<?xml version="1.0" encoding="UTF-8"?>
<!DOCTYPE html PUBLIC "-//W3C//DTD XHTML 1.0 Transitional//EN"
    "http://www.w3.org/TR/xhtml1/DTD/xhtml1-transitional.dtd">
<html xmlns="http://www.w3.org/1999/xhtml" xml:lang="en" lang="en">
 <head>
  <title>
</title>
<meta http-equiv="Content-Type" content="text/html;charset=utf-8" />
  <meta name='ocr-system' content='tesseract 3.04.00' />
  <meta name='ocr-capabilities' content='ocr_page ocr_carea ocr_par ocr_line ocrx_word'/>
</head>
<body>
  <div class='ocr_page' id='page_1' title='image "./bibliothecarhet01jaygoog/bibliothecarhet01jaygoog_0316.png"; bbox 0 0 2768 4410; ppageno 0'>
   <div class='ocr_carea' id='block_1_1' title="bbox 292 195 969 273">
    <p class='ocr_par' dir='ltr' id='par_1_1' title="bbox 292 195 969 273">
     <span class='ocr_line' id='line_1_1' title="bbox 292 195 969 273; baseline 0.001 -1"><span class='ocrx_word' id='word_1_1' title='bbox 292 201 365 273; x_wconf 79' lang='lat'><strong>316</strong></span> <span class='ocrx_word' id='word_1_2' title='bbox 560 195 969 273; x_wconf 65' lang='lat' dir='ltr'><strong>nnrroa&#39;rcm</strong></span> 
     </span>
    </p>
   </div>
   <div class='ocr_carea' id='block_1_2' title="bbox 290 318 1231 585">
    <p class='ocr_par' dir='ltr' id='par_1_2' title="bbox 290 318 1231 585">
     <span class='ocr_line' id='line_1_2' title="bbox 292 318 1231 434; baseline 0.01 -42"><span class='ocrx_word' id='word_1_3' title='bbox 292 336 426 434; x_wconf 73' lang='lat' dir='ltr'><strong>quanta</strong></span> <span class='ocrx_word' id='word_1_4' title='bbox 438 318 483 391; x_wconf 88' lang='lat' dir='ltr'><strong>sit</strong></span> <span class='ocrx_word' id='word_1_5' title='bbox 492 323 653 406; x_wconf 66' lang='lat' dir='ltr'><strong>‘vestibus</strong></span> <span class='ocrx_word' id='word_1_6' title='bbox 664 320 820 394; x_wconf 88' lang='lat' dir='ltr'><strong>omnium</strong></span> <span class='ocrx_word' id='word_1_7' title='bbox 835 322 873 392; x_wconf 90' lang='lat' dir='ltr'><strong>in</strong></span> <span class='ocrx_word' id='word_1_8' title='bbox 889 327 1129 424; x_wconf 73' lang='lat' dir='ltr'><strong>cognoscendis</strong></span> <span class='ocrx_word' id='word_1_9' title='bbox 1146 355 1231 400; x_wconf 86' lang='lat' dir='ltr'><strong>cau·</strong></span> 
     </span>
     <span class='ocr_line' id='line_1_3' title="bbox 290 415 1225 585; baseline 0.007 -96"><span class='ocrx_word' id='word_1_10' title='bbox 290 415 583 585; x_wconf 51' lang='lat' dir='ltr'><strong>aisperspicacia,</strong></span> <span class='ocrx_word' id='word_1_11' title='bbox 601 435 637 490; x_wconf 91' lang='lat' dir='ltr'><strong>et</strong></span> <span class='ocrx_word' id='word_1_12' title='bbox 654 417 851 494; x_wconf 85' lang='lat' dir='ltr'><strong>inferendis</strong></span> <span class='ocrx_word' id='word_1_13' title='bbox 869 422 1047 495; x_wconf 71' lang='lat' dir='ltr'><strong>sententiis</strong></span> <span class='ocrx_word' id='word_1_14' title='bbox 1059 427 1225 524; x_wconf 85' lang='lat' dir='ltr'><strong>aequitas,</strong></span> 
     </span>
    </p>
   </div>
   <div class='ocr_carea' id='block_1_3' title="bbox 16 515 1380 3834">
    <p class='ocr_par' dir='ltr' id='par_1_3' title="bbox 16 515 1380 3150">
     <span class='ocr_line' id='line_1_4' title="bbox 290 515 1228 607; baseline 0.007 -20"><span class='ocrx_word' id='word_1_15' title='bbox 290 518 337 594; x_wconf 87' lang='lat' dir='ltr'><strong>Ju</strong></span> <span class='ocrx_word' id='word_1_16' title='bbox 376 541 430 602; x_wconf 81' lang='lat' dir='ltr'><strong>ces</strong></span> <span class='ocrx_word' id='word_1_17' title='bbox 451 515 524 588; x_wconf 87' lang='lat' dir='ltr'><strong>inte</strong></span> <span class='ocrx_word' id='word_1_18' title='bbox 548 516 688 607; x_wconf 81' lang='lat' dir='ltr'><strong>enimi3</strong></span> <span class='ocrx_word' id='word_1_19' title='bbox 718 515 888 589; x_wconf 87' lang='lat' dir='ltr'><strong>haberem</strong></span> <span class='ocrx_word' id='word_1_20' title='bbox 912 521 996 590; x_wconf 76' lang='lat' dir='ltr'><strong>sane</strong></span> <span class='ocrx_word' id='word_1_21' title='bbox 1022 521 1061 590; x_wconf 88' lang='lat' dir='ltr'><strong>in</strong></span> <span class='ocrx_word' id='word_1_22' title='bbox 1089 526 1228 594; x_wconf 66' lang='lat' dir='ltr'><strong>summa</strong></span> 
     </span>
     <span class='ocr_line' id='line_1_5' title="bbox 289 542 1229 717; baseline 0.01 -35"><span class='ocrx_word' id='word_1_23' title='bbox 289 542 714 686; x_wconf 62' lang='lat' dir='ltr'><strong>ticcusationisirodiernae</strong></span> <span class='ocrx_word' id='word_1_24' title='bbox 741 613 930 687; x_wconf 74' lang='lat' dir='ltr'><strong>acerbitate</strong></span> <span class='ocrx_word' id='word_1_25' title='bbox 941 667 954 707; x_wconf 88' lang='lat'><strong><em>,</em></strong></span> <span class='ocrx_word' id='word_1_26' title='bbox 984 618 1080 717; x_wconf 89' lang='lat' dir='ltr'><strong>quod</strong></span> <span class='ocrx_word' id='word_1_27' title='bbox 1098 619 1229 692; x_wconf 79' lang='lat' dir='ltr'><strong>infelici</strong></span> 
     </span>
     <span class='ocr_line' id='line_1_6' title="bbox 288 709 1226 821; baseline 0.003 -35"><span class='ocrx_word' id='word_1_28' title='bbox 288 709 470 821; x_wconf 84' lang='lat' dir='ltr'><strong>Melampo</strong></span> <span class='ocrx_word' id='word_1_29' title='bbox 496 739 566 788; x_wconf 92' lang='lat' dir='ltr'><strong>non</strong></span> <span class='ocrx_word' id='word_1_30' title='bbox 587 713 807 785; x_wconf 82' lang='lat' dir='ltr'><strong>mediocriter</strong></span> <span class='ocrx_word' id='word_1_31' title='bbox 824 714 1121 812; x_wconf 77' lang='lat' dir='ltr'><strong>pertimescerem.</strong></span> <span class='ocrx_word' id='word_1_32' title='bbox 1149 717 1226 788; x_wconf 91' lang='lat' dir='ltr'><strong>No-</strong></span> 
     </span>
     <span class='ocr_line' id='line_1_7' title="bbox 288 809 1229 910; baseline 0.004 -30"><span class='ocrx_word' id='word_1_33' title='bbox 288 835 372 880; x_wconf 85' lang='lat' dir='ltr'><strong>vum</strong></span> <span class='ocrx_word' id='word_1_34' title='bbox 382 816 566 880; x_wconf 81' lang='lat' dir='ltr'><strong>-ennnvcrb</strong></span> <span class='ocrx_word' id='word_1_35' title='bbox 582 809 735 882; x_wconf 90' lang='lat' dir='ltr'><strong>criminis</strong></span> <span class='ocrx_word' id='word_1_36' title='bbox 750 837 861 910; x_wconf 79' lang='lat' dir='ltr'><strong>genus</strong></span> <span class='ocrx_word' id='word_1_37' title='bbox 878 828 915 883; x_wconf 91' lang='lat' dir='ltr'><strong>et</strong></span> <span class='ocrx_word' id='word_1_38' title='bbox 931 813 1012 884; x_wconf 76' lang='lat' dir='ltr'><strong>autb</strong></span> <span class='ocrx_word' id='word_1_39' title='bbox 1029 812 1123 885; x_wconf 91' lang='lat' dir='ltr'><strong>hunc</strong></span> <span class='ocrx_word' id='word_1_40' title='bbox 1135 813 1229 886; x_wconf 90' lang='lat' dir='ltr'><strong>diem</strong></span> 
     </span>
     <span class='ocr_line' id='line_1_8' title="bbox 287 904 1229 984; baseline 0.006 -8"><span class='ocrx_word' id='word_1_41' title='bbox 287 904 486 976; x_wconf 88' lang='lat' dir='ltr'><strong>inauditum</strong></span> <span class='ocrx_word' id='word_1_42' title='bbox 502 907 830 979; x_wconf 82' lang='lat' dir='ltr'><strong>adversariusmeus</strong></span> <span class='ocrx_word' id='word_1_43' title='bbox 841 925 997 984; x_wconf 79' lang='lat' dir='ltr'><strong>vestrum</strong></span> <span class='ocrx_word' id='word_1_44' title='bbox 1013 911 1060 980; x_wconf 91' lang='lat' dir='ltr'><strong>ad</strong></span> <span class='ocrx_word' id='word_1_45' title='bbox 1071 909 1229 982; x_wconf 87' lang='lat' dir='ltr'><strong>tribunal</strong></span> 
     </span>
     <span class='ocr_line' id='line_1_9' title="bbox 287 1001 1228 1117; baseline 0.007 -46"><span class='ocrx_word' id='word_1_46' title='bbox 287 1001 437 1092; x_wconf 85' lang='lat' dir='ltr'><strong>detulit,</strong></span> <span class='ocrx_word' id='word_1_47' title='bbox 458 1021 600 1117; x_wconf 86' lang='lat' dir='ltr'><strong>propter</strong></span> <span class='ocrx_word' id='word_1_48' title='bbox 621 1007 733 1106; x_wconf 88' lang='lat' dir='ltr'><strong>quod,</strong></span> <span class='ocrx_word' id='word_1_49' title='bbox 749 1005 777 1078; x_wconf 83' lang='lat' dir='ltr'><strong>si</strong></span> <span class='ocrx_word' id='word_1_50' title='bbox 793 1006 882 1106; x_wconf 89' lang='lat' dir='ltr'><strong>quid</strong></span> <span class='ocrx_word' id='word_1_51' title='bbox 906 1009 1095 1079; x_wconf 82' lang='lat' dir='ltr'><strong>accusator-i</strong></span> <span class='ocrx_word' id='word_1_52' title='bbox 1112 1007 1228 1078; x_wconf 88' lang='lat' dir='ltr'><strong>credi-</strong></span> 
     </span>
     <span class='ocr_line' id='line_1_10' title="bbox 180 1099 1228 1202; baseline 0.008 -33"><span class='ocrx_word' id='word_1_53' title='bbox 180 1113 181 1124; x_wconf 61' lang='lat'>¹</span> <span class='ocrx_word' id='word_1_54' title='bbox 287 1114 366 1190; x_wconf 84' lang='lat' dir='ltr'><strong>tur,</strong></span> <span class='ocrx_word' id='word_1_55' title='bbox 385 1099 620 1173; x_wconf 80' lang='lat' dir='ltr'><strong>nobrlissrmus</strong></span> <span class='ocrx_word' id='word_1_56' title='bbox 636 1103 817 1194; x_wconf 88' lang='lat' dir='ltr'><strong>Medicus,</strong></span> <span class='ocrx_word' id='word_1_57' title='bbox 836 1103 891 1174; x_wconf 82' lang='lat' dir='ltr'><strong>vir</strong></span> <span class='ocrx_word' id='word_1_58' title='bbox 908 1111 1073 1202; x_wconf 76' lang='lat' dir='ltr'><strong>spectatae</strong></span> <span class='ocrx_word' id='word_1_59' title='bbox 1093 1103 1228 1202; x_wconf 76' lang='lat' dir='ltr'><strong>jamdiu</strong></span> 
     </span>
     <span class='ocr_line' id='line_1_11' title="bbox 286 1195 1226 1299; baseline 0.006 -33"><span class='ocrx_word' id='word_1_60' title='bbox 286 1195 469 1294; x_wconf 74' lang='lat' dir='ltr'><strong>probitatis</strong></span> <span class='ocrx_word' id='word_1_61' title='bbox 486 1215 523 1270; x_wconf 91' lang='lat' dir='ltr'><strong>et</strong></span> <span class='ocrx_word' id='word_1_62' title='bbox 540 1200 584 1272; x_wconf 89' lang='lat' dir='ltr'><strong>de</strong></span> <span class='ocrx_word' id='word_1_63' title='bbox 607 1201 725 1273; x_wconf 69' lang='lat' dir='ltr'><strong>nostra</strong></span> <span class='ocrx_word' id='word_1_64' title='bbox 741 1198 881 1271; x_wconf 86' lang='lat' dir='ltr'><strong>civitate</strong></span> <span class='ocrx_word' id='word_1_65' title='bbox 905 1199 1037 1299; x_wconf 76' lang='lat' dir='ltr'><strong>optime</strong></span> <span class='ocrx_word' id='word_1_66' title='bbox 1055 1203 1226 1298; x_wconf 45' lang='lat' dir='ltr'><strong>meritum,</strong></span> 
     </span>
     <span class='ocr_line' id='line_1_12' title="bbox 286 1295 1226 1410; baseline 0.007 -47"><span class='ocrx_word' id='word_1_67' title='bbox 286 1295 489 1392; x_wconf 80' lang='lat' dir='ltr'><strong>gravissimo</strong></span> <span class='ocrx_word' id='word_1_68' title='bbox 517 1296 684 1408; x_wconf 86' lang='lat' dir='ltr'><strong>supplicio</strong></span> <span class='ocrx_word' id='word_1_69' title='bbox 714 1297 918 1410; x_wconf 89' lang='lat' dir='ltr'><strong>plectendus</strong></span> <span class='ocrx_word' id='word_1_70' title='bbox 948 1325 1022 1370; x_wconf 88' lang='lat' dir='ltr'><strong>esse</strong></span> <span class='ocrx_word' id='word_1_71' title='bbox 1035 1299 1226 1372; x_wconf 75' lang='lat' dir='ltr'><strong>¹videatur.</strong></span> 
     </span>
     <span class='ocr_line' id='line_1_13' title="bbox 336 1391 1210 1495; baseline 0.009 -35"><span class='ocrx_word' id='word_1_72' title='bbox 336 1391 476 1464; x_wconf 80' lang='lat' dir='ltr'><strong>Scilicet</strong></span> <span class='ocrx_word' id='word_1_73' title='bbox 492 1394 634 1465; x_wconf 78' lang='lat' dir='ltr'><strong>auditus</strong></span> <span class='ocrx_word' id='word_1_74' title='bbox 649 1394 707 1469; x_wconf 88' lang='lat' dir='ltr'><strong>ille</strong></span> <span class='ocrx_word' id='word_1_75' title='bbox 719 1411 813 1465; x_wconf 86' lang='lat' dir='ltr'><strong>mter</strong></span> <span class='ocrx_word' id='word_1_76' title='bbox 822 1394 1083 1466; x_wconf 83' lang='lat' dir='ltr'><strong>ardentissimas</strong></span> <span class='ocrx_word' id='word_1_77' title='bbox 1091 1423 1210 1495; x_wconf 88' lang='lat' dir='ltr'><strong>preces</strong></span> 
     </span>
     <span class='ocr_line' id='line_1_14' title="bbox 218 1489 1231 1588; baseline 0.007 -30"><span class='ocrx_word' id='word_1_78' title='bbox 218 1531 219 1536; x_wconf 21' lang='grc' dir='ltr'><strong>κ</strong></span> <span class='ocrx_word' id='word_1_79' title='bbox 285 1513 376 1588; x_wconf 88' lang='lat' dir='ltr'><strong>quas</strong></span> <span class='ocrx_word' id='word_1_80' title='bbox 394 1517 457 1588; x_wconf 95' lang='lat' dir='ltr'><strong>pro</strong></span> <span class='ocrx_word' id='word_1_81' title='bbox 475 1493 598 1572; x_wconf 61' lang='lat' dir='ltr'><strong>rutra</strong></span> <span class='ocrx_word' id='word_1_82' title='bbox 617 1489 775 1562; x_wconf 89' lang='lat' dir='ltr'><strong>omnium</strong></span> <span class='ocrx_word' id='word_1_83' title='bbox 796 1490 907 1562; x_wconf 88' lang='lat' dir='ltr'><strong>salute</strong></span> <span class='ocrx_word' id='word_1_84' title='bbox 925 1507 962 1560; x_wconf 89' lang='lat' dir='ltr'><strong>at</strong></span> <span class='ocrx_word' id='word_1_85' title='bbox 987 1519 1033 1563; x_wconf 90' lang='lat' dir='ltr'><strong>ue</strong></span> <span class='ocrx_word' id='word_1_86' title='bbox 1048 1492 1231 1565; x_wconf 82' lang='lat' dir='ltr'><strong>incolumr·</strong></span> 
     </span>
     <span class='ocr_line' id='line_1_15' title="bbox 258 1519 1283 1689; baseline 0.007 -34"><span class='ocrx_word' id='word_1_87' title='bbox 258 1626 261 1648; x_wconf 73' lang='grc' dir='ltr'>ι</span> <span class='ocrx_word' id='word_1_88' title='bbox 286 1600 360 1658; x_wconf 86' lang='lat' dir='ltr'><strong>tate</strong></span> <span class='ocrx_word' id='word_1_89' title='bbox 375 1583 555 1680; x_wconf 86' lang='lat' dir='ltr'><strong>funderet,</strong></span> <span class='ocrx_word' id='word_1_90' title='bbox 574 1587 740 1660; x_wconf 86' lang='lat' dir='ltr'><strong>obtestari</strong></span> <span class='ocrx_word' id='word_1_91' title='bbox 752 1589 865 1680; x_wconf 80' lang='lat' dir='ltr'><strong>Deos,</strong></span> <span class='ocrx_word' id='word_1_92' title='bbox 884 1604 926 1660; x_wconf 92' lang='lat' dir='ltr'><strong>ut</strong></span> <span class='ocrx_word' id='word_1_93' title='bbox 941 1519 1008 1660; x_wconf 90' lang='lat' dir='ltr'><strong>sibi</strong></span> <span class='ocrx_word' id='word_1_94' title='bbox 1020 1607 1227 1689; x_wconf 84' lang='lat' dir='ltr'><strong>praesentem</strong></span> <span class='ocrx_word' id='word_1_95' title='bbox 1279 1677 1283 1680; x_wconf 17' lang='grc' dir='ltr'>ι</span> 
     </span>
     <span class='ocr_line' id='line_1_16' title="bbox 139 1680 1228 1761; baseline 0.001 -1"><span class='ocrx_word' id='word_1_96' title='bbox 139 1680 381 1761; x_wconf 68' lang='lat' dir='ltr'><strong>conntatsohmc</strong></span> <span class='ocrx_word' id='word_1_97' title='bbox 412 1711 545 1757; x_wconf 87' lang='lat' dir='ltr'><strong>annum</strong></span> <span class='ocrx_word' id='word_1_98' title='bbox 571 1681 802 1758; x_wconf 82' lang='lat' dir='ltr'><strong>fortunarent.</strong></span> <span class='ocrx_word' id='word_1_99' title='bbox 837 1685 1076 1760; x_wconf 86' lang='lat' dir='ltr'><strong>Adducuntur</strong></span> <span class='ocrx_word' id='word_1_100' title='bbox 1101 1687 1228 1761; x_wconf 84' lang='lat' dir='ltr'><strong>Testes</strong></span> 
     </span>
     <span class='ocr_line' id='line_1_17' title="bbox 16 1779 1287 1885; baseline 0.005 -35"><span class='ocrx_word' id='word_1_101' title='bbox 16 1853 18 1862; x_wconf 72' lang='grc'>,</span> <span class='ocrx_word' id='word_1_102' title='bbox 97 1779 238 1856; x_wconf 60' lang='lat' dir='ltr'><strong>³¹t¹3¹¹¹0¹¹¹¹</strong></span> <span class='ocrx_word' id='word_1_103' title='bbox 260 1781 444 1868; x_wconf 70' lang='lat' dir='ltr'><strong>tomnium</strong></span> <span class='ocrx_word' id='word_1_104' title='bbox 459 1781 588 1880; x_wconf 87' lang='lat' dir='ltr'><strong>judicio</strong></span> <span class='ocrx_word' id='word_1_105' title='bbox 607 1783 863 1883; x_wconf 86' lang='lat' dir='ltr'><strong>probatissimi,</strong></span> <span class='ocrx_word' id='word_1_106' title='bbox 882 1784 944 1883; x_wconf 92' lang='lat' dir='ltr'><strong>qui</strong></span> <span class='ocrx_word' id='word_1_107' title='bbox 965 1813 1040 1858; x_wconf 89' lang='lat' dir='ltr'><strong>rem</strong></span> <span class='ocrx_word' id='word_1_108' title='bbox 1061 1783 1227 1885; x_wconf 81' lang='lat' dir='ltr'><strong>suffragio</strong></span> <span class='ocrx_word' id='word_1_109' title='bbox 1285 1857 1287 1863; x_wconf 14' lang='grc' dir='ltr'><strong>Α</strong></span> 
     </span>
     <span class='ocr_line' id='line_1_18' title="bbox 98 1846 1268 1992; baseline 0.002 -38"><span class='ocrx_word' id='word_1_110' title='bbox 98 1846 208 1957; x_wconf 50' lang='lat' dir='ltr'><strong>iiii*bu⁸</strong></span> <span class='ocrx_word' id='word_1_111' title='bbox 235 1861 612 1992; x_wconf 63' lang='lat' dir='ltr'><strong>“suocomprobent,</strong></span> <span class='ocrx_word' id='word_1_112' title='bbox 631 1880 782 1980; x_wconf 87' lang='lat' dir='ltr'><strong>quisuis</strong></span> <span class='ocrx_word' id='word_1_113' title='bbox 800 1907 837 1954; x_wconf 88' lang='lat' dir='ltr'><strong>se</strong></span> <span class='ocrx_word' id='word_1_114' title='bbox 859 1882 1053 1983; x_wconf 86' lang='lat' dir='ltr'><strong>percepisse</strong></span> <span class='ocrx_word' id='word_1_115' title='bbox 1079 1882 1226 1956; x_wconf 84' lang='lat' dir='ltr'><strong>auribus</strong></span> <span class='ocrx_word' id='word_1_116' title='bbox 1264 1897 1268 1902; x_wconf 81' lang='grc'><strong>’</strong></span> 
     </span>
     <span class='ocr_line' id='line_1_19' title="bbox 287 1977 1226 2078; baseline 0.003 -31"><span class='ocrx_word' id='word_1_117' title='bbox 287 1993 361 2048; x_wconf 88' lang='lat' dir='ltr'><strong>tam</strong></span> <span class='ocrx_word' id='word_1_118' title='bbox 378 1978 511 2076; x_wconf 84' lang='lat' dir='ltr'><strong>impm,</strong></span> <span class='ocrx_word' id='word_1_119' title='bbox 533 1979 562 2050; x_wconf 88' lang='lat' dir='ltr'><strong>si</strong></span> <span class='ocrx_word' id='word_1_120' title='bbox 580 1977 860 2078; x_wconf 82' lang='lat' dir='ltr'><strong>superisplacet‚</strong></span> <span class='ocrx_word' id='word_1_121' title='bbox 880 1995 960 2052; x_wconf 86' lang='lat' dir='ltr'><strong>vota</strong></span> <span class='ocrx_word' id='word_1_122' title='bbox 980 1977 1226 2078; x_wconf 78' lang='lat' dir='ltr'><strong>profiteantur.</strong></span> 
     </span>
     <span class='ocr_line' id='line_1_20' title="bbox 288 2072 1226 2176; baseline 0.005 -30"><span class='ocrx_word' id='word_1_123' title='bbox 288 2073 389 2146; x_wconf 89' lang='lat' dir='ltr'><strong>Nihil</strong></span> <span class='ocrx_word' id='word_1_124' title='bbox 404 2072 585 2146; x_wconf 86' lang='lat' dir='ltr'><strong>inficiabor</strong></span> <span class='ocrx_word' id='word_1_125' title='bbox 600 2103 681 2176; x_wconf 81' lang='lat' dir='ltr'><strong>ego,</strong></span> <span class='ocrx_word' id='word_1_126' title='bbox 700 2077 866 2168; x_wconf 76' lang='lat' dir='ltr'><strong>ludices,</strong></span> <span class='ocrx_word' id='word_1_127' title='bbox 884 2075 1156 2150; x_wconf 85' lang='lat' dir='ltr'><strong>clarissimorum</strong></span> <span class='ocrx_word' id='word_1_128' title='bbox 1173 2079 1226 2150; x_wconf 84' lang='lat' dir='ltr'><strong>vi·</strong></span> 
     </span>
     <span class='ocr_line' id='line_1_21' title="bbox 285 2172 1222 2270; baseline 0.005 -29"><span class='ocrx_word' id='word_1_129' title='bbox 285 2197 407 2243; x_wconf 88' lang='lat' dir='ltr'><strong>rorum</strong></span> <span class='ocrx_word' id='word_1_130' title='bbox 423 2172 635 2244; x_wconf 89' lang='lat' dir='ltr'><strong>testimonia.</strong></span> <span class='ocrx_word' id='word_1_131' title='bbox 659 2175 714 2245; x_wconf 90' lang='lat' dir='ltr'><strong>Sit</strong></span> <span class='ocrx_word' id='word_1_132' title='bbox 728 2174 779 2244; x_wconf 75' lang='lat' dir='ltr'><strong>ita</strong></span> <span class='ocrx_word' id='word_1_133' title='bbox 791 2176 873 2246; x_wconf 76' lang='lat' dir='ltr'><strong>sane</strong></span> <span class='ocrx_word' id='word_1_134' title='bbox 882 2227 894 2266; x_wconf 92' lang='lat'>‚</span> <span class='ocrx_word' id='word_1_135' title='bbox 913 2191 954 2246; x_wconf 91' lang='lat' dir='ltr'><strong>ut</strong></span> <span class='ocrx_word' id='word_1_136' title='bbox 967 2190 1143 2246; x_wconf 85' lang='lat' dir='ltr'><strong>testantur</strong></span> <span class='ocrx_word' id='word_1_137' title='bbox 1154 2174 1222 2270; x_wconf 80' lang='lat' dir='ltr'><strong>illi,</strong></span> 
     </span>
     <span class='ocr_line' id='line_1_22' title="bbox 285 2271 1226 2372; baseline 0.004 -32"><span class='ocrx_word' id='word_1_138' title='bbox 285 2297 370 2340; x_wconf 88' lang='lat' dir='ltr'><strong>nam</strong></span> <span class='ocrx_word' id='word_1_139' title='bbox 386 2298 448 2344; x_wconf 90' lang='lat' dir='ltr'><strong>cur</strong></span> <span class='ocrx_word' id='word_1_140' title='bbox 464 2271 715 2370; x_wconf 82' lang='lat' dir='ltr'><strong>amplissimam</strong></span> <span class='ocrx_word' id='word_1_141' title='bbox 732 2271 845 2344; x_wconf 88' lang='lat' dir='ltr'><strong>laudis</strong></span> <span class='ocrx_word' id='word_1_142' title='bbox 872 2287 1028 2372; x_wconf 81' lang='lat' dir='ltr'><strong>segetem</strong></span> <span class='ocrx_word' id='word_1_143' title='bbox 1045 2272 1226 2372; x_wconf 79' lang='lat' dir='ltr'><strong>Melampu</strong></span> 
     </span>
     <span class='ocr_line' id='line_1_23' title="bbox 137 2365 1380 2476; baseline 0.003 -38"><span class='ocrx_word' id='word_1_144' title='bbox 137 2399 274 2449; x_wconf 52' lang='lat' dir='ltr'><strong>consutam,</strong></span> <span class='ocrx_word' id='word_1_145' title='bbox 280 2365 483 2450; x_wconf 67' lang='lat' dir='ltr'><strong>invideam?</strong></span> <span class='ocrx_word' id='word_1_146' title='bbox 501 2371 553 2440; x_wconf 88' lang='lat' dir='ltr'><strong>At</strong></span> <span class='ocrx_word' id='word_1_147' title='bbox 567 2371 662 2441; x_wconf 73' lang='lat' dir='ltr'><strong>unde</strong></span> <span class='ocrx_word' id='word_1_148' title='bbox 680 2369 886 2441; x_wconf 87' lang='lat' dir='ltr'><strong>accusatoris</strong></span> <span class='ocrx_word' id='word_1_149' title='bbox 902 2369 1100 2470; x_wconf 81' lang='lat' dir='ltr'><strong>malignitas</strong></span> <span class='ocrx_word' id='word_1_150' title='bbox 1117 2372 1225 2442; x_wconf 83' lang='lat' dir='ltr'><strong>vertit</strong></span> <span class='ocrx_word' id='word_1_151' title='bbox 1378 2411 1380 2476; x_wconf 66' lang='grc' dir='ltr'>Ι</span> 
     </span>
     <span class='ocr_line' id='line_1_24' title="bbox 97 2461 1224 2568; baseline 0.003 -33"><span class='ocrx_word' id='word_1_152' title='bbox 97 2465 248 2526; x_wconf 57' lang='lat' dir='ltr'><strong>P&#39;fflltffitl‘t</strong></span> <span class='ocrx_word' id='word_1_153' title='bbox 283 2461 321 2536; x_wconf 89' lang='lat' dir='ltr'><strong>in</strong></span> <span class='ocrx_word' id='word_1_154' title='bbox 334 2466 580 2565; x_wconf 86' lang='lat' dir='ltr'><strong>opprobrium,</strong></span> <span class='ocrx_word' id='word_1_155' title='bbox 602 2468 697 2568; x_wconf 89' lang='lat' dir='ltr'><strong>quod</strong></span> <span class='ocrx_word' id='word_1_156' title='bbox 705 2469 783 2540; x_wconf 87' lang='lat' dir='ltr'><strong>dari</strong></span> <span class='ocrx_word' id='word_1_157' title='bbox 793 2466 910 2566; x_wconf 85' lang='lat' dir='ltr'><strong>gloriae</strong></span> <span class='ocrx_word' id='word_1_158' title='bbox 926 2465 1122 2537; x_wconf 65' lang='lat' dir='ltr'><strong>debuisset?</strong></span> <span class='ocrx_word' id='word_1_159' title='bbox 1139 2467 1224 2538; x_wconf 88' lang='lat' dir='ltr'><strong>Non</strong></span> 
     </span>
     <span class='ocr_line' id='line_1_25' title="bbox 93 2545 1222 2664; baseline 0.003 -33"><span class='ocrx_word' id='word_1_160' title='bbox 93 2545 157 2576; x_wconf 56' lang='grc' dir='ltr'><strong>’ω’</strong></span> <span class='ocrx_word' id='word_1_161' title='bbox 284 2565 398 2662; x_wconf 87' lang='lat' dir='ltr'><strong>potuit</strong></span> <span class='ocrx_word' id='word_1_162' title='bbox 415 2591 497 2664; x_wconf 84' lang='lat' dir='ltr'><strong>ergo</strong></span> <span class='ocrx_word' id='word_1_163' title='bbox 513 2565 713 2664; x_wconf 81' lang='lat' dir='ltr'><strong>Melampus</strong></span> <span class='ocrx_word' id='word_1_164' title='bbox 731 2564 884 2635; x_wconf 86' lang='lat' dir='ltr'><strong>conscius</strong></span> <span class='ocrx_word' id='word_1_165' title='bbox 896 2561 982 2653; x_wconf 85' lang='lat' dir='ltr'><strong>sibi,</strong></span> <span class='ocrx_word' id='word_1_166' title='bbox 1003 2565 1111 2662; x_wconf 76' lang='lat' dir='ltr'><strong>quam</strong></span> <span class='ocrx_word' id='word_1_167' title='bbox 1127 2561 1222 2634; x_wconf 89' lang='lat' dir='ltr'><strong>diffi-</strong></span> 
     </span>
     <span class='ocr_line' id='line_1_26' title="bbox 285 2659 1265 2761; baseline 0.002 -31"><span class='ocrx_word' id='word_1_168' title='bbox 285 2659 388 2735; x_wconf 89' lang='lat' dir='ltr'><strong>cilem</strong></span> <span class='ocrx_word' id='word_1_169' title='bbox 404 2678 440 2732; x_wconf 92' lang='lat' dir='ltr'><strong>et</strong></span> <span class='ocrx_word' id='word_1_170' title='bbox 458 2661 600 2761; x_wconf 85' lang='lat' dir='ltr'><strong>plenam</strong></span> <span class='ocrx_word' id='word_1_171' title='bbox 620 2661 767 2760; x_wconf 90' lang='lat' dir='ltr'><strong>periculi</strong></span> <span class='ocrx_word' id='word_1_172' title='bbox 783 2663 896 2730; x_wconf 81' lang='lat' dir='ltr'><strong>a&#39;rtem</strong></span> <span class='ocrx_word' id='word_1_173' title='bbox 908 2675 1084 2750; x_wconf 86' lang='lat' dir='ltr'><strong>exerceat,</strong></span> <span class='ocrx_word' id='word_1_174' title='bbox 1105 2659 1223 2760; x_wconf 85' lang='lat' dir='ltr'><strong>singu·</strong></span> <span class='ocrx_word' id='word_1_175' title='bbox 1262 2730 1265 2751; x_wconf 67' lang='grc'>,</span> 
     </span>
     <span class='ocr_line' id='line_1_27' title="bbox 283 2755 1224 2858; baseline 0.001 -30"><span class='ocrx_word' id='word_1_176' title='bbox 283 2755 357 2830; x_wconf 80' lang='lat' dir='ltr'><strong>lare</strong></span> <span class='ocrx_word' id='word_1_177' title='bbox 374 2762 395 2828; x_wconf 78' lang='lat' dir='ltr'><strong>a</strong></span> <span class='ocrx_word' id='word_1_178' title='bbox 413 2759 554 2858; x_wconf 88' lang='lat' dir='ltr'><strong>Superis</strong></span> <span class='ocrx_word' id='word_1_179' title='bbox 574 2758 773 2857; x_wconf 74' lang='lat' dir='ltr'><strong>praesidium</strong></span> <span class='ocrx_word' id='word_1_180' title='bbox 789 2755 986 2856; x_wconf 88' lang='lat' dir='ltr'><strong>postulare,</strong></span> <span class='ocrx_word' id='word_1_181' title='bbox 1006 2755 1101 2856; x_wconf 83' lang='lat' dir='ltr'><strong>quin</strong></span> <span class='ocrx_word' id='word_1_182' title='bbox 1115 2759 1224 2829; x_wconf 88' lang='lat' dir='ltr'><strong>conti-</strong></span> 
     </span>
     <span class='ocr_line' id='line_1_28' title="bbox 282 2853 1222 2955; baseline 0 -29"><span class='ocrx_word' id='word_1_183' title='bbox 282 2862 355 2926; x_wconf 79' lang='lat' dir='ltr'><strong>nud</strong></span> <span class='ocrx_word' id='word_1_184' title='bbox 372 2855 573 2934; x_wconf 80' lang='lat' dir='ltr'><strong>morborum</strong></span> <span class='ocrx_word' id='word_1_185' title='bbox 595 2883 697 2928; x_wconf 87' lang='lat' dir='ltr'><strong>omne</strong></span> <span class='ocrx_word' id='word_1_186' title='bbox 718 2881 828 2955; x_wconf 84' lang='lat' dir='ltr'><strong>genus</strong></span> <span class='ocrx_word' id='word_1_187' title='bbox 847 2871 885 2926; x_wconf 89' lang='lat' dir='ltr'><strong>et</strong></span> <span class='ocrx_word' id='word_1_188' title='bbox 903 2853 1138 2926; x_wconf 80' lang='lat' dir='ltr'><strong>tristissimam</strong></span> <span class='ocrx_word' id='word_1_189' title='bbox 1157 2856 1222 2926; x_wconf 87' lang='lat' dir='ltr'><strong>toti</strong></span> 
     </span>
     <span class='ocr_line' id='line_1_29' title="bbox 283 2951 1222 3054; baseline 0.002 -32"><span class='ocrx_word' id='word_1_190' title='bbox 283 2952 415 3026; x_wconf 84' lang='lat' dir='ltr'><strong>civitati</strong></span> <span class='ocrx_word' id='word_1_191' title='bbox 431 2953 620 3054; x_wconf 88' lang='lat' dir='ltr'><strong>perniciem</strong></span> <span class='ocrx_word' id='word_1_192' title='bbox 635 2951 859 3051; x_wconf 71' lang='lat' dir='ltr'><strong>precareturl</strong></span> <span class='ocrx_word' id='word_1_193' title='bbox 876 2951 959 3024; x_wconf 88' lang='lat' dir='ltr'><strong>Non</strong></span> <span class='ocrx_word' id='word_1_194' title='bbox 970 2951 1085 3051; x_wconf 88' lang='lat' dir='ltr'><strong>potuit</strong></span> <span class='ocrx_word' id='word_1_195' title='bbox 1096 2969 1222 3024; x_wconf 76' lang='lat' dir='ltr'><strong>vestrm</strong></span> 
     </span>
     <span class='ocr_line' id='line_1_30' title="bbox 282 3049 1223 3150; baseline 0 -30"><span class='ocrx_word' id='word_1_196' title='bbox 282 3049 404 3130; x_wconf 78' lang='lat' dir='ltr'><strong>salutis</strong></span> <span class='ocrx_word' id='word_1_197' title='bbox 427 3067 489 3123; x_wconf 92' lang='lat' dir='ltr'><strong>aut</strong></span> <span class='ocrx_word' id='word_1_198' title='bbox 509 3051 672 3142; x_wconf 79' lang='lat' dir='ltr'><strong>tuendae,</strong></span> <span class='ocrx_word' id='word_1_199' title='bbox 695 3050 880 3122; x_wconf 88' lang='lat' dir='ltr'><strong>autetiam</strong></span> <span class='ocrx_word' id='word_1_200' title='bbox 901 3077 939 3122; x_wconf 87' lang='lat' dir='ltr'><strong>re</strong></span> <span class='ocrx_word' id='word_1_201' title='bbox 966 3049 1108 3126; x_wconf 71' lang='lat' dir='ltr'><strong>arandae</strong></span> <span class='ocrx_word' id='word_1_202' title='bbox 1125 3051 1223 3150; x_wconf 89' lang='lat' dir='ltr'><strong>cupi·</strong></span> 
     </span>
    </p>

    <p class='ocr_par' dir='ltr' id='par_1_4' title="bbox 232 3077 1237 3540">
     <span class='ocr_line' id='line_1_31' title="bbox 232 3077 1221 3247; baseline -0.002 -29"><span class='ocrx_word' id='word_1_203' title='bbox 232 3182 235 3188; x_wconf 94' lang='lat'>·</span> <span class='ocrx_word' id='word_1_204' title='bbox 282 3147 349 3220; x_wconf 87' lang='lat' dir='ltr'><strong>dus</strong></span> <span class='ocrx_word' id='word_1_205' title='bbox 362 3150 496 3240; x_wconf 84' lang='lat' dir='ltr'><strong>videri,</strong></span> <span class='ocrx_word' id='word_1_206' title='bbox 510 3147 596 3247; x_wconf 89' lang='lat' dir='ltr'><strong>quin</strong></span> <span class='ocrx_word' id='word_1_207' title='bbox 607 3147 767 3246; x_wconf 89' lang='lat' dir='ltr'><strong>ejusdem</strong></span> <span class='ocrx_word' id='word_1_208' title='bbox 781 3077 1054 3218; x_wconf 76' lang='lat' dir='ltr'><strong>urlensusbostis</strong></span> <span class='ocrx_word' id='word_1_209' title='bbox 1063 3145 1221 3218; x_wconf 71' lang='lat' dir='ltr'><strong>audiretl</strong></span> 
     </span>
     <span class='ocr_line' id='line_1_32' title="bbox 281 3243 1237 3345; baseline -0.005 -27"><span class='ocrx_word' id='word_1_210' title='bbox 281 3273 352 3318; x_wconf 84' lang='lat' dir='ltr'><strong>uon</strong></span> <span class='ocrx_word' id='word_1_211' title='bbox 368 3247 483 3345; x_wconf 88' lang='lat' dir='ltr'><strong>potuit</strong></span> <span class='ocrx_word' id='word_1_212' title='bbox 499 3243 636 3318; x_wconf 78' lang='lat' dir='ltr'><strong>felicem</strong></span> <span class='ocrx_word' id='word_1_213' title='bbox 653 3245 691 3318; x_wconf 87' lang='lat' dir='ltr'><strong>in</strong></span> <span class='ocrx_word' id='word_1_214' title='bbox 706 3245 868 3318; x_wconf 87' lang='lat' dir='ltr'><strong>curandis</strong></span> <span class='ocrx_word' id='word_1_215' title='bbox 892 3248 1047 3316; x_wconf 82' lang='lat' dir='ltr'><strong>vestnlm</strong></span> <span class='ocrx_word' id='word_1_216' title='bbox 1062 3243 1237 3314; x_wconf 71' lang='lat' dir='ltr'><strong>omnium</strong></span> 
     </span>
     <span class='ocr_line' id='line_1_33' title="bbox 281 3338 1220 3444; baseline -0.004 -30"><span class='ocrx_word' id='word_1_217' title='bbox 281 3342 547 3443; x_wconf 85' lang='lat' dir='ltr'><strong>aegritudinibus</strong></span> <span class='ocrx_word' id='word_1_218' title='bbox 565 3345 700 3415; x_wconf 84' lang='lat' dir='ltr'><strong>exitmn</strong></span> <span class='ocrx_word' id='word_1_219' title='bbox 720 3341 877 3434; x_wconf 88' lang='lat' dir='ltr'><strong>ambire,</strong></span> <span class='ocrx_word' id='word_1_220' title='bbox 902 3343 987 3444; x_wconf 92' lang='lat' dir='ltr'><strong>quin</strong></span> <span class='ocrx_word' id='word_1_221' title='bbox 1002 3339 1152 3412; x_wconf 81' lang='lat' dir='ltr'><strong>fatalem·</strong></span> <span class='ocrx_word' id='word_1_222' title='bbox 1166 3338 1220 3411; x_wconf 55' lang='lat' dir='ltr'><strong>cio</strong></span> 
     </span>
     <span class='ocr_line' id='line_1_34' title="bbox 280 3439 1215 3540; baseline -0.003 -29"><span class='ocrx_word' id='word_1_223' title='bbox 280 3439 379 3512; x_wconf 84' lang='lat' dir='ltr'><strong>vium</strong></span> <span class='ocrx_word' id='word_1_224' title='bbox 395 3440 565 3540; x_wconf 89' lang='lat' dir='ltr'><strong>capitibus</strong></span> <span class='ocrx_word' id='word_1_225' title='bbox 580 3442 630 3514; x_wconf 87' lang='lat' dir='ltr'><strong>Su</strong></span> <span class='ocrx_word' id='word_1_226' title='bbox 656 3443 756 3513; x_wconf 79' lang='lat' dir='ltr'><strong>erdtn</strong></span> <span class='ocrx_word' id='word_1_227' title='bbox 767 3440 956 3514; x_wconf 87' lang='lat' dir='ltr'><strong>vindictam</strong></span> <span class='ocrx_word' id='word_1_228' title='bbox 964 3452 1168 3510; x_wconf 87' lang='lat' dir='ltr'><strong>accerseret.</strong></span> <span class='ocrx_word' id='word_1_229' title='bbox 1204 3475 1215 3484; x_wconf 67' lang='lat'>=</span> 
     </span>
    </p>

    <p class='ocr_par' dir='ltr' id='par_1_5' title="bbox 190 3469 1254 3834">
     <span class='ocr_line' id='line_1_35' title="bbox 330 3469 1254 3640; baseline -0.004 -30"><span class='ocrx_word' id='word_1_230' title='bbox 330 3537 427 3610; x_wconf 87' lang='lat' dir='ltr'><strong>Nam</strong></span> <span class='ocrx_word' id='word_1_231' title='bbox 445 3539 532 3640; x_wconf 89' lang='lat' dir='ltr'><strong>quid</strong></span> <span class='ocrx_word' id='word_1_232' title='bbox 548 3469 655 3610; x_wconf 73' lang='lat' dir='ltr'><strong>aliud</strong></span> <span class='ocrx_word' id='word_1_233' title='bbox 660 3555 713 3609; x_wconf 89' lang='lat' dir='ltr'><strong>est</strong></span> <span class='ocrx_word' id='word_1_234' title='bbox 731 3538 862 3607; x_wconf 89' lang='lat' dir='ltr'><strong>homini</strong></span> <span class='ocrx_word' id='word_1_235' title='bbox 878 3535 1017 3606; x_wconf 90' lang='lat' dir='ltr'><strong>Medico</strong></span> <span class='ocrx_word' id='word_1_236' title='bbox 1035 3560 1134 3607; x_wconf 87' lang='lat' dir='ltr'><strong>orare</strong></span> <span class='ocrx_word' id='word_1_237' title='bbox 1153 3533 1221 3606; x_wconf 84' lang='lat' dir='ltr'><strong>Su·</strong></span> <span class='ocrx_word' id='word_1_238' title='bbox 1251 3624 1254 3630; x_wconf 84' lang='lat'><strong>.</strong></span> 
     </span>
     <span class='ocr_line' id='line_1_36' title="bbox 190 3625 1218 3734; baseline -0.005 -26"><span class='ocrx_word' id='word_1_239' title='bbox 190 3625 200 3652; x_wconf 62' lang='lat'><strong>&#39;&#39;</strong></span> <span class='ocrx_word' id='word_1_240' title='bbox 280 3663 401 3734; x_wconf 84' lang='lat' dir='ltr'><strong>paros,</strong></span> <span class='ocrx_word' id='word_1_241' title='bbox 417 3663 549 3708; x_wconf 82' lang='lat' dir='ltr'><strong>annum</strong></span> <span class='ocrx_word' id='word_1_242' title='bbox 565 3651 606 3706; x_wconf 92' lang='lat' dir='ltr'><strong>ut</strong></span> <span class='ocrx_word' id='word_1_243' title='bbox 621 3633 802 3704; x_wconf 81' lang='lat' dir='ltr'><strong>fortunent</strong></span> <span class='ocrx_word' id='word_1_244' title='bbox 817 3632 901 3718; x_wconf 89' lang='lat' dir='ltr'><strong>sibi,</strong></span> <span class='ocrx_word' id='word_1_245' title='bbox 914 3631 981 3704; x_wconf 87' lang='lat' dir='ltr'><strong>nisi</strong></span> <span class='ocrx_word' id='word_1_246' title='bbox 994 3648 1036 3701; x_wconf 89' lang='lat' dir='ltr'><strong>ut</strong></span> <span class='ocrx_word' id='word_1_247' title='bbox 1049 3635 1112 3703; x_wconf 82' lang='lat' dir='ltr'><strong>sua</strong></span> <span class='ocrx_word' id='word_1_248' title='bbox 1123 3632 1218 3733; x_wconf 87' lang='lat' dir='ltr'><strong>apud</strong></span> 
     </span>
     <span class='ocr_line' id='line_1_37' title="bbox 280 3727 1216 3834; baseline -0.004 -28"><span class='ocrx_word' id='word_1_249' title='bbox 280 3761 342 3806; x_wconf 79' lang='lat' dir='ltr'><strong>ros</strong></span> <span class='ocrx_word' id='word_1_250' title='bbox 366 3761 471 3834; x_wconf 88' lang='lat' dir='ltr'><strong>opera</strong></span> <span class='ocrx_word' id='word_1_251' title='bbox 487 3732 652 3806; x_wconf 85' lang='lat' dir='ltr'><strong>collocata</strong></span> <span class='ocrx_word' id='word_1_252' title='bbox 664 3729 810 3804; x_wconf 83' lang='lat' dir='ltr'><strong>feliciter</strong></span> <span class='ocrx_word' id='word_1_253' title='bbox 827 3727 1010 3804; x_wconf 65' lang='lat' dir='ltr'><strong>succedat?</strong></span> <span class='ocrx_word' id='word_1_254' title='bbox 1027 3729 1095 3802; x_wconf 85' lang='lat' dir='ltr'><strong>nisi</strong></span> <span class='ocrx_word' id='word_1_255' title='bbox 1115 3748 1156 3804; x_wconf 89' lang='lat' dir='ltr'><strong>ut</strong></span> <span class='ocrx_word' id='word_1_256' title='bbox 1178 3731 1216 3802; x_wconf 87' lang='lat' dir='ltr'><strong>in</strong></span> 
     </span>
    </p>
   </div>
   <div class='ocr_carea' id='block_1_4' title="bbox 0 0 1388 4410">
    <p class='ocr_par' dir='ltr' id='par_1_6' title="bbox 0 0 1388 4410">
     <span class='ocr_line' id='line_1_38' title="bbox 0 0 1388 4410; baseline 0 3"><span class='ocrx_word' id='word_1_257' title='bbox 0 0 1388 4410; x_wconf 95' lang='lat' dir='ltr'><strong> </strong></span> 
     </span>
    </p>
   </div>
  </div>
 </body>
</html>
