2766 4412
631 30 657 64 ἱ

360 175 565 224 arnan
613 173 886 252 carmus.
1024 145 1096 243 343

201 269 322 351 Quinta
332 295 424 355 pars,
443 271 634 356 Complexio.
653 271 857 331 Insectabitur
871 269 1096 349 adversarium,

160 355 216 432 qui
244 355 425 435 persuadere
451 355 542 436 Reip.
567 353 722 430 voluerit,
747 367 783 414 ut
805 366 883 412 esset
902 355 1044 433 ingrata,
1068 369 1100 412 et

160 433 301 573 delipceps
317 452 420 499 careat
438 437 527 498 bonis
537 434 688 513 civibus,
707 438 762 517 qui
778 453 890 495 navare
905 436 966 514 ipsi
975 457 1099 516 operam

159 533 195 575 re
209 531 268 578 rut.

485 623 759 674 ORATIO·

207 759 297 833 Ciun
310 761 356 832 ad
369 761 579 862 singularem
588 762 693 862 Reip.
707 775 834 832 nostrae
841 758 1099 860 providentiam
1123 747 1272 864 p„,‚,„·„·,'‚

95 871 98 878 '
156 857 333 954 pertinere
351 857 539 932 dicendum
556 877 635 954 est,-
653 861 676 933 J
679 857 796 952 udices
805 909 818 951 ,
836 885 882 929 ne
900 857 987 958 quid
1004 884 1098 928 com·
1144 876 1213 954 uun
1242 884 1290 924 un

155 953 275 1028 mittat
312 985 504 1060 unquam,
551 960 646 1030 unde
681 983 806 1058 capere
846 955 1098 1052 detrimentum
1112 945 1291 1070 fflflssgl

155 1052 288 1162 possit,
311 1061 386 1128 tdm
405 1059 496 1128 certd
518 1081 589 1129 non
605 1055 741 1127 minore
762 1051 880 1125 studio
902 1078 1099 1152 praecavere
1111 1087 1142 1118 ne
1154 1074 1291 1134 ingratui-

155 1147 253 1220 1llam
275 1157 434 1266 oportet,
458 1171 503 1224 n'e
530 1150 782 1224 beneficiorum
803 1151 991 1224 immemor
1007 1167 1044 1221 et
1060 1136 1205 1221 indm·

154 1243 262 1318 bonos
283 1278 375 1322 clves
400 1250 540 1349 ingrata
559 1250 737 1321 videatur.
762 1305 767 1322 ,

86 1419 90 1430 ,
189 1346 345 1417 Etenim
364 1352 443 1416 ciun
462 1345 551 1416 nihil
568 1347 613 1416 sit
630 1363 705 1418 tam
720 1361 862 1443 potens,
882 1360 957 1416 tam
975 1343 1098 1416 efficax
1143 1381 1263 1429 Man,

131 1479 134 1492 =
152 1437 201 1510 ad
220 1443 417 1514 excitandos
433 1442 563 1514 civium
576 1443 708 1512 animos
724 1442 770 1511 ad
782 1467 911 1540 magna
923 1464 1095 1542 quaeque,
1120 1445 1274 1526 Pr⁰rf³⁸¹¹⁵⁰·

152 1541 262 1635 qudm
284 1539 313 1610 si
336 1539 479 1640 dignam
502 1539 555 1610 rei
575 1537 666 1612 bene
692 1555 799 1638 gestae
825 1539 1025 1610 mercedem
1041 1567 1100 1610 ex·
1143 1529 1290 1644 ὧδε,

150 1653 293 1732 pectare
320 1665 400 1708 cum
429 1639 525 1707 certd
551 1633 680 1707 fiducia
707 1637 840 1736 possint
852 1663 864 1726 3
895 1631 952 1705 hic
978 1652 1097 1708 autem
1111 1647 1173 1695 ”lero
1192 1652 1218 1696 in
1233 1635 1289 1728 'eryt

152 1731 329 1828 stimulus,
348 1735 410 1806 ubi
424 1731 532 1804 semel
545 1731 717 1820 defuerit,
731 1732 954 1833 languescere
966 1731 1099 1810 soleant
1110 1712 1291 1829 fflffim

151 1829 283 1923 animi,
307 1859 373 1902 nec
396 1859 497 1930 pares
529 1831 575 1900 ad
604 1826 790 1918 ferendum
814 1856 934 1901 rerum
960 1831 1096 1928 pondus

58 2015 83 2022 -.
151 1929 402 2024 experiantur,
427 1954 566 1999 necesse
594 1943 647 1998 est
677 1923 850 2024 profecti),
871 1927 986 1999 velut
1003 1927 1094 2001 bend

152 2017 358 2097 meritorum
371 2027 414 2097 de
428 2054 463 2097 se
476 2025 607 2098 civium
623 2051 765 2124 operam
779 2051 818 2095 ac
834 2021 969 2096 labores
983 2025 1096 2126 Resp.¹

152 2140 377 2220 compenset3
408 2123 465 2196 rel
500 2140 541 2194 ut
574 2149 647 2194 suoe
677 2121 786 2220 ipsius
814 2120 922 2193 oblita
948 2122 1092 2222 gloriae,
1153 2209 1156 2218 Ι

152 2231 273 2290 rerum
295 2247 438 2292 suarum
460 2247 580 2291 curam
602 2247 743 2292 omnem
766 2244 805 2290 ac
821 2209 1095 2296 'sollicitudinem

151 2315 311 2416 extingui
328 2317 468 2418 penitus
487 2335 594 2418 atque
612 2317 722 2389 emori
739 2317 923 2388 sustineat.

199 2411 296 2485 Nam
316 2415 404 2516 quid
430 2414 552 2506 aliud,
582 2415 708 2486 amabo
739 2441 827 2506 vos,
855 2412 1034 2484 suscitavit
1056 2413 1095 2488 in

150 2536 220 2582 uno
258 2541 374 2614 noque¹
388 2527 546 2583 nostrum
565 2513 671 2584 robur
687 2509 793 2604 illud,
839 2512 910 2581 uod
931 2511 976 2582 ad
992 2519 1094 2583 tuen-

148 2607 231 2680 dam
285 2640 379 2711 emp.
394 2611 614 2710 eandemque
627 2539 908 2708 amplificandam
921 2625 958 2680 et
968 2635 1094 2681 ornan*

150 2705 234 2776 dam
248 2710 418 2780 sensimus
435 2708 535 2779 nobis
551 2708 654 2780 toties
673 2691 813 2780 afflari?
829 2705 927 2801 Quid
943 2707 1092 2806 majores

149 2819 283 2882 nostros
316 2806 362 2874 ad
399 2821 537 2876 tantam
575 2833 696 2877 rerum
731 2823 909 2906 gestarum
969 2804 1093 2890 loriam

150 2899 333 2992 accendit,
363 2901 431 2972 nisi
461 2903 555 3002 quod
579 2918 827 3002 persuaserant
851 2901 905 2972 illi
928 2833 1018 2994 siin,
1038 2902 1093 2973 uti

150 3010 188 3066 et
216 3023 278 3067 nos
303 2997 371 3096 ipsi
397 2995 565 3092 facimus,
595 3028 671 3072 rem
702 2999 834 3094 habere
861 3027 897 3071 se
934 3025 1015 3070 cum
1050 3001 1093 3068 ed

150 3092 244 3193 Rep.
296 3100 438 3193 uae'pro
458 3101 587 3170 navata
612 3113 789 3210 quemque
825 3100 931 3196 opcrd
956 3091 1091 3165 benefi-

149 3189 210 3282 eiis
275 3190 414 3284 'ceret,
438 3211 472 3263 et
494 3195 626 3266 nuliius
647 3192 750 3286 officit
776 3191 982 3266 memoriam
1006 3189 1094 3262 obti-

147 3291 256 3361 terari
276 3307 472 3390 pateretur.

110 3394 113 3406 '
199 3387 306 3480 Qubd
341 3388 369 3459 si
401 3387 491 3458 bene
521 3385 655 3458 meritis
685 3383 820 3460 civibus
844 3388 993 3490 gratiam
1021 3416 1091 3464 non
1119 3426 1253 3475 mma,

125 3485 252 3555 modo
269 3487 378 3586 Resp.
401 3513 470 3556 non
495 3483 685 3584 rependat,
707 3487 768 3556 sed
780 3511 837 3556 eos
855 3487 961 3558 etiam
978 3483 1089 3557 mulcl
1109 3499 1278 3557 Enezingrn·
1377 3509 1378 3514 ’

150 3581 273 3656 tantos
294 3585 507 3696 arbitretur,
536 3610 615 3684 qurs
638 3613 679 3657 eo
703 3599 866 3686 paratam
879 3584 1001 3657 animo
1020 3570 1092 3661 non⁸
1102 3565 1208 3624 Mi
1225 3566 1280 3662 Mi'
1315 3633 1326 3653 ι
1377 3615 1378 3620 ’

594 3857 607 3896 l
