2756 4414
1 253 4 364 l

340 228 517 276 nrsrn
566 223 871 292 secururs.
1006 199 1079 297 469

185 325 221 394 Α
244 339 476 398 eretexamus
492 351 611 396 rerum
630 323 756 394 seriem
769 339 877 422 atque
895 319 1078 414 ordinem,

133 350 402 522 quaelegitimae
418 421 629 493 aoc'usationi
646 419 833 491 materiam
854 418 1080 518 suppeditare

135 519 283 618 possint.
308 523 370 592 An
395 519 462 590 tibi
495 517 650 605 infelices
674 517 726 588 illi
747 517 983 588 adolescentes
998 543 1080 588 ma·

134 614 269 688 chinati
298 633 381 690 sunt
407 615 575 688 insidias?
605 617 666 688 An
704 615 892 686 astiterunt
915 611 1011 714 patri
1041 612 1082 685 in

134 711 265 810 judicio
278 719 358 785 cum
375 731 411 786 te
426 715 622 804 accusavit,
646 730 708 783 aut
723 707 994 824 suffragatores,
1018 727 1082 782 aut

134 811 279 881 testes?
327 839 373 882 an
406 813 577 914 populum
612 812 651 882 in
680 827 716 881 te
749 807 997 880 concnaruntt
1034 835 1082 880 an

134 906 407 980 insurrexerunt
431 927 530 982 tuam
556 910 595 980 in
623 906 804 980 sobolem?
835 933 882 977 an
903 905 1083 1007 lapidibus

82 1069 85 1074 .
134 1007 265 1076 armati
291 1005 430 1079 finiatae
460 1007 573 1110 plebis
600 1005 773 1080 invidiam
793 1021 856 1075 aut
874 1030 1083 1104 provocave-

134 1119 242 1195 runt,
263 1120 326 1175 aut
347 1103 586 1203 adjuverunt?
615 1106 735 1196 Quam
759 1102 927 1174 miserum
948 1117 1002 1172 est
1024 1099 1081 1172 in-

133 1195 310 1272 fortunato
333 1205 500 1300 parenti,
530 1202 700 1293 Judices,
734 1202 781 1272 ad
812 1226 871 1272 eas
899 1199 1082 1272 redactum

136 1323 213 1368 esse
230 1299 430 1397 angustias,
445 1315 499 1390 ut,
514 1299 599 1370 dum
613 1296 702 1370 lilios
714 1313 835 1371 tuetur
855 1324 893 1368 ac
908 1292 1080 1386 defendit,
1114 1312 1115 1320 ’

134 1393 244 1466 ctiam
253 1412 396 1494 cogatur
409 1423 473 1496 sug
497 1423 595 1467 erere
608 1395 806 1468 adversario
812 1395 961 1466 nocendi
974 1389 1083 1492 argu-⁷

136 1491 322 1562 mentum!
349 1493 440 1565 Vide
452 1547 463 1585 ,
474 1423 686 1592 gIphicrate,
704 1509 744 1564 ut
766 1489 974 1568 innocentiae
998 1517 1082 1561 con-

134 1588 281 1659 scientia
306 1615 442 1660 securos
462 1617 523 1661 nos
543 1588 638 1662 lacit.
666 1591 789 1662 Tuum
808 1607 861 1661 est
886 1589 1014 1690 eliger'e
1036 1615 1083 1659 ex

134 1684 178 1756 iis
198 1686 360 1758 omuibus
381 1687 538 1789 aliquid,
561 1688 655 1759 unde
682 1687 845 1760 nocentes
865 1685 989 1758 Liben'
1010 1679 1083 1757 mei

133 1781 262 1854 saltem
281 1785 481 1860 rideantur.
515 1785 552 1857 Si
576 1787 729 1888 nequis,
760 1782 871 1856 fatere
903 1783 1083 1882 demdm,

133 1883 244 1994 pudm
260 1885 417 1972 temere,
462 1887 545 1955 uam
561 1884 691 1982 injuste
713 1883 855 1956 eosdem
869 1881 1026 1974 incuses,
1046 1897 1098 1964 et,

135 1977 378 2062 inhumaniter
398 1911 522 2077 jubeas
552 1983 717 2056 enecarit
960 2002 971 2012 ''

185 2077 426 2175 Quanquam,
452 2078 593 2150 Judices
621 2077 838 2178 aequissimi‚
864 2073 1084 2176 doletlplri-

136 2187 249 2243 crates
272 2174 503 2272 tergeminam
524 2175 591 2246 sibi
615 2175 741 2286 periise
768 2173 924 2248 sobolem
936 2177 955 2266 ,¹
966 2199 1085 2273 neque

136 2269 248 2341 dolori
269 2295 332 2340 suo
350 2267 510 2344 satisfieri
527 2273 727 2362 existimat,
750 2273 819 2342 nisi
835 2271 982 2340 Liberos
999 2269 1085 2339 toti-

136 2367 220 2438 dem
231 2391 327 2438 meos
345 2369 590 2459 interemerit,
609 2368 809 2468 iteratoque
826 2365 928 2436 toties
949 2363 1089 2464 suppli-

136 2464 211 2556 cio,
236 2491 344 2564 quam
364 2481 523 2564 repetere
541 2469 562 2536 a
579 2477 636 2536 nst
649 2465 842 2536 vindictam
859 2463 951 2534 nolle
968 2471 1004 2533 se
1021 2458 1088 2536 fin-

136 2563 210 2662 git,
237 2563 387 2634 eandem
413 2563 526 2634 multd
552 2562 726 2634 crudelius
750 2561 879 2662 exigat.
908 2558 1108 2660 Equidem(

97 2725 98 2728 ,
135 2664 262 2772 parum
277 2661 453 2732 humanus
469 2687 534 2760 ego
547 2662 636 2752 sim,
656 2677 692 2731 et
709 2663 836 2760 pardrn
855 2659 1034 2748 sincerus,
1056 2657 1088 2728 si

139 2756 380 2844 dissimulem,
402 2775 573 2856 quantam
585 2758 643 2830 vel
653 2759 693 2830 in
703 2755 847 2830 rictorid
864 2759 928 2826 sud
945 2755 1088 2826 dolendi

139 2867 294 2952 segetem
312 2855 500 2926 invenerit.
520 2857 592 2926 Sed
606 2873 727 2926 tamen
739 2850 1008 2950 culpandus‘hic
1022 2851 1087 2922 do·

71 2964 78 2972 '
138 2949 212 3040 lor,
261 2950 300 3020 ui
321 2951 388 3021 nisi
403 2948 537 3051 flagitio
563 2951 696 3052 placari
715 2977 786 3020 non
804 2950 924 3064 possit·
951 2949 1090 3022 Verdm
1159 2949 1162 2954 ’

139 3047 229 3147 quid
273 3047 403 3118 olorem
423 3048 522 3120 dicol
539 3045 637 3120 furor
659 3063 740 3134 est,
762 3064 897 3120 saevitia
917 3061 993 3135 est,
1016 3047 1087 3116 im-

139 3144 292 3218 manitas
306 3161 371 3216 est.
391 3145 445 3216 Te
461 3145 615 3245 pudeat,
637 3145 836 3244 Iphicrate,
857 3141 989 3215 imitari
1004 3141 1094 3213 bar-¹

141 3242 244 3314 baros
254 3295 265 3334 ,
285 3242 467 3316 autetiam
485 3243 695 3314 crudeliores
706 3239 823 3330 feras,
849 3265 1001 3340 quarum
1015 3239 1087 3311 im-
1140 3309 1142 3315 ,

141 3355 265 3438 potens
293 3341 367 3412 sitis
396 3355 432 3412 et
459 3339 594 3430 rabies,
617 3340 686 3409 nisi
707 3337 876 3438 sanguine
906 3336 1089 3432 humano,

142 3463 213 3508 non
225 3437 458 3538 extinguitur.
473 3439 525 3509 At
541 3438 570 3508 si
582 3439 764 3549 tantopere
777 3434 984 3535 sanguinem
998 3437 1089 3528 sitis,

144 3535 233 3633 quin
250 3537 341 3636 petis
364 3535 441 3606 dari
459 3536 524 3606 tibi
543 3535 583 3606 in
607 3535 786 3607 victimam
806 3547 892 3634 quot
917 3549 979 3604 uot
995 3532 1087 3604 exti-

143 3647 267 3703 terunt
284 3630 437 3705 filiorum
450 3649 594 3706 tuorum
606 3629 870 3704 interlectorest
888 3559 1020 3732 (lolligo
1033 3631 1088 3701 la-

142 3728 269 3832 pides,
288 3729 422 3828 quibus.
438 3729 491 3805 illi
514 3731 631 3805 obruti
647 3747 732 3806 sunt
755 3759 768 3804 r
790 3757 931 3804 recense
953 3729 1096 3830 singula
