<?xml version="1.0" encoding="UTF-8"?>
<!DOCTYPE html PUBLIC "-//W3C//DTD XHTML 1.0 Transitional//EN"
    "http://www.w3.org/TR/xhtml1/DTD/xhtml1-transitional.dtd">
<html xmlns="http://www.w3.org/1999/xhtml" xml:lang="en" lang="en">
 <head>
  <title>
</title>
<meta http-equiv="Content-Type" content="text/html;charset=utf-8" />
  <meta name='ocr-system' content='tesseract 3.04.00' />
  <meta name='ocr-capabilities' content='ocr_page ocr_carea ocr_par ocr_line ocrx_word'/>
</head>
<body>
  <div class='ocr_page' id='page_1' title='image "./bibliothecarhet01jaygoog/bibliothecarhet01jaygoog_0232.png"; bbox 0 0 2710 4418; ppageno 0'>
   <div class='ocr_carea' id='block_1_1' title="bbox 297 199 972 275">
    <p class='ocr_par' dir='ltr' id='par_1_1' title="bbox 297 199 972 275">
     <span class='ocr_line' id='line_1_1' title="bbox 297 199 972 275; baseline 0.001 -1"><span class='ocrx_word' id='word_1_1' title='bbox 297 199 369 274; x_wconf 83' lang='lat'><strong>228</strong></span> <span class='ocrx_word' id='word_1_2' title='bbox 519 200 972 275; x_wconf 70' lang='lat' dir='ltr'><strong>‘aaaronrcm</strong></span> 
     </span>
    </p>
   </div>
   <div class='ocr_carea' id='block_1_2' title="bbox 178 322 1272 1312">
    <p class='ocr_par' dir='ltr' id='par_1_2' title="bbox 178 322 1272 1312">
     <span class='ocr_line' id='line_1_2' title="bbox 293 322 1241 425; baseline 0.006 -31"><span class='ocrx_word' id='word_1_3' title='bbox 293 324 458 414; x_wconf 88' lang='lat' dir='ltr'><strong>imitare,</strong></span> <span class='ocrx_word' id='word_1_4' title='bbox 479 337 522 394; x_wconf 85' lang='lat' dir='ltr'><strong>ut</strong></span> <span class='ocrx_word' id='word_1_5' title='bbox 547 322 759 422; x_wconf 77' lang='lat' dir='ltr'><strong>pravitatem</strong></span> <span class='ocrx_word' id='word_1_6' title='bbox 780 351 818 396; x_wconf 89' lang='lat' dir='ltr'><strong>ac</strong></span> <span class='ocrx_word' id='word_1_7' title='bbox 846 323 1080 425; x_wconf 81' lang='lat' dir='ltr'>corruptelam</span> <span class='ocrx_word' id='word_1_8' title='bbox 1096 344 1241 400; x_wconf 81' lang='lat' dir='ltr'><strong>morum</strong></span> 
     </span>
     <span class='ocr_line' id='line_1_3' title="bbox 293 421 1261 502; baseline 0 -10"><span class='ocrx_word' id='word_1_9' title='bbox 293 421 458 492; x_wconf 85' lang='lat' dir='ltr'><strong>declines.</strong></span> <span class='ocrx_word' id='word_1_10' title='bbox 921 491 926 502; x_wconf 85' lang='grc'>,</span> <span class='ocrx_word' id='word_1_11' title='bbox 1193 445 1197 452; x_wconf 92' lang='grc'><strong><em>·</em></strong></span> <span class='ocrx_word' id='word_1_12' title='bbox 1253 427 1261 440; x_wconf 83' lang='grc'><em>“</em></span> 
     </span>
     <span class='ocr_line' id='line_1_4' title="bbox 178 516 1241 620; baseline -0.001 -27"><span class='ocrx_word' id='word_1_13' title='bbox 178 563 190 593; x_wconf 72' lang='lat' dir='ltr'><strong>e</strong></span> <span class='ocrx_word' id='word_1_14' title='bbox 241 578 247 594; x_wconf 90' lang='lat'><strong>.</strong></span> <span class='ocrx_word' id='word_1_15' title='bbox 345 519 451 610; x_wconf 91' lang='lat' dir='ltr'><strong>Quod</strong></span> <span class='ocrx_word' id='word_1_16' title='bbox 465 517 494 588; x_wconf 90' lang='lat' dir='ltr'><strong>si</strong></span> <span class='ocrx_word' id='word_1_17' title='bbox 506 516 656 600; x_wconf 79' lang='lat' dir='ltr'><strong>volueris</strong></span> <span class='ocrx_word' id='word_1_18' title='bbox 665 545 856 617; x_wconf 83' lang='lat' dir='ltr'><strong>proponere</strong></span> <span class='ocrx_word' id='word_1_19' title='bbox 867 519 932 592; x_wconf 84' lang='lat' dir='ltr'><strong>tihi</strong></span> <span class='ocrx_word' id='word_1_20' title='bbox 942 517 1241 620; x_wconf 72' lang='lat' dir='ltr'><strong>perfectissimum</strong></span> 
     </span>
     <span class='ocr_line' id='line_1_5' title="bbox 294 615 1243 717; baseline 0.001 -30"><span class='ocrx_word' id='word_1_21' title='bbox 294 615 467 688; x_wconf 84' lang='lat' dir='ltr'><strong>virtutum</strong></span> <span class='ocrx_word' id='word_1_22' title='bbox 488 617 646 688; x_wconf 87' lang='lat' dir='ltr'><strong>omnium</strong></span> <span class='ocrx_word' id='word_1_23' title='bbox 669 617 868 716; x_wconf 59' lang='lat' dir='ltr'><strong>exemplar,</strong></span> <span class='ocrx_word' id='word_1_24' title='bbox 887 619 988 717; x_wconf 80' lang='lat' dir='ltr'><strong>cujus</strong></span> <span class='ocrx_word' id='word_1_25' title='bbox 1008 620 1054 690; x_wconf 88' lang='lat' dir='ltr'><strong>ad</strong></span> <span class='ocrx_word' id='word_1_26' title='bbox 1075 645 1243 689; x_wconf 87' lang='lat' dir='ltr'><strong>normam</strong></span> 
     </span>
     <span class='ocr_line' id='line_1_6' title="bbox 296 713 1245 828; baseline 0 -42"><span class='ocrx_word' id='word_1_27' title='bbox 296 739 335 786; x_wconf 86' lang='lat' dir='ltr'><strong>ac</strong></span> <span class='ocrx_word' id='word_1_28' title='bbox 364 713 522 812; x_wconf 86' lang='lat' dir='ltr'><strong>regulam</strong></span> <span class='ocrx_word' id='word_1_29' title='bbox 549 714 686 812; x_wconf 85' lang='lat' dir='ltr'>exigere</span> <span class='ocrx_word' id='word_1_30' title='bbox 714 713 823 786; x_wconf 82' lang='lat' dir='ltr'><strong>vitam</strong></span> <span class='ocrx_word' id='word_1_31' title='bbox 847 721 923 786; x_wconf 78' lang='lat' dir='ltr'><strong>tuto</strong></span> <span class='ocrx_word' id='word_1_32' title='bbox 946 716 1084 828; x_wconf 85' lang='lat' dir='ltr'><strong>possis,</strong></span> <span class='ocrx_word' id='word_1_33' title='bbox 1106 713 1245 814; x_wconf 78' lang='lat' dir='ltr'><strong>conjice</strong></span> 
     </span>
     <span class='ocr_line' id='line_1_7' title="bbox 294 809 1272 912; baseline 0 -30"><span class='ocrx_word' id='word_1_34' title='bbox 294 811 489 884; x_wconf 85' lang='lat' dir='ltr'><strong>identidem</strong></span> <span class='ocrx_word' id='word_1_35' title='bbox 510 809 625 882; x_wconf 89' lang='lat' dir='ltr'><strong>oculos</strong></span> <span class='ocrx_word' id='word_1_36' title='bbox 650 811 689 880; x_wconf 92' lang='lat' dir='ltr'><strong>in</strong></span> <span class='ocrx_word' id='word_1_37' title='bbox 718 811 921 910; x_wconf 87' lang='lat' dir='ltr'><strong>Philippum</strong></span> <span class='ocrx_word' id='word_1_38' title='bbox 944 839 1059 912; x_wconf 77' lang='lat' dir='ltr'><strong>ipsum</strong></span> <span class='ocrx_word' id='word_1_39' title='bbox 1076 813 1272 885; x_wconf 75' lang='lat' dir='ltr'><strong>invictis-⁸</strong></span> 
     </span>
     <span class='ocr_line' id='line_1_8' title="bbox 295 908 1247 1006; baseline 0.002 -26"><span class='ocrx_word' id='word_1_40' title='bbox 295 909 424 980; x_wconf 84' lang='lat' dir='ltr'><strong>simum</strong></span> <span class='ocrx_word' id='word_1_41' title='bbox 436 910 541 980; x_wconf 87' lang='lat' dir='ltr'><strong>totius</strong></span> <span class='ocrx_word' id='word_1_42' title='bbox 554 908 723 980; x_wconf 80' lang='lat' dir='ltr'><strong>exercitus</strong></span> <span class='ocrx_word' id='word_1_43' title='bbox 736 909 1078 1006; x_wconf 88' lang='lat' dir='ltr'><strong>Imperatorem.ch</strong></span> <span class='ocrx_word' id='word_1_44' title='bbox 1091 909 1247 982; x_wconf 73' lang='lat' dir='ltr'><strong>sociatas</strong></span> 
     </span>
     <span class='ocr_line' id='line_1_9' title="bbox 295 1003 1243 1097; baseline -0.001 -20"><span class='ocrx_word' id='word_1_45' title='bbox 295 1003 384 1078; x_wconf 80' lang='lat' dir='ltr'><strong>felici</strong></span> <span class='ocrx_word' id='word_1_46' title='bbox 402 1005 652 1078; x_wconf 86' lang='lat' dir='ltr'><strong>communionis</strong></span> <span class='ocrx_word' id='word_1_47' title='bbox 670 1005 807 1078; x_wconf 80' lang='lat' dir='ltr'><strong>vinculo</strong></span> <span class='ocrx_word' id='word_1_48' title='bbox 824 1006 958 1078; x_wconf 85' lang='lat' dir='ltr'><strong>videbis</strong></span> <span class='ocrx_word' id='word_1_49' title='bbox 978 1009 1076 1078; x_wconf 87' lang='lat' dir='ltr'><strong>dotes</strong></span> <span class='ocrx_word' id='word_1_50' title='bbox 1095 1033 1243 1097; x_wconf 83' lang='lat' dir='ltr'><strong>omnes,</strong></span> 
     </span>
     <span class='ocr_line' id='line_1_10' title="bbox 295 1104 1241 1204; baseline -0.003 -28"><span class='ocrx_word' id='word_1_51' title='bbox 295 1132 374 1204; x_wconf 85' lang='lat' dir='ltr'><strong>quae</strong></span> <span class='ocrx_word' id='word_1_52' title='bbox 397 1106 648 1203; x_wconf 84' lang='lat' dir='ltr'><strong>Imperatorem</strong></span> <span class='ocrx_word' id='word_1_53' title='bbox 669 1104 916 1175; x_wconf 88' lang='lat' dir='ltr'><strong>commendant</strong></span> <span class='ocrx_word' id='word_1_54' title='bbox 927 1132 938 1195; x_wconf 88' lang='lat'>;</span> <span class='ocrx_word' id='word_1_55' title='bbox 957 1104 1045 1176; x_wconf 90' lang='lat' dir='ltr'><strong>nihil</strong></span> <span class='ocrx_word' id='word_1_56' title='bbox 1061 1104 1162 1176; x_wconf 89' lang='lat' dir='ltr'><strong>ineo</strong></span> <span class='ocrx_word' id='word_1_57' title='bbox 1183 1119 1241 1174; x_wconf 90' lang='lat' dir='ltr'><strong>te-</strong></span> 
     </span>
     <span class='ocr_line' id='line_1_11' title="bbox 294 1197 1246 1312; baseline -0.001 -39"><span class='ocrx_word' id='word_1_58' title='bbox 294 1201 437 1275; x_wconf 89' lang='lat' dir='ltr'><strong>meritas</strong></span> <span class='ocrx_word' id='word_1_59' title='bbox 456 1217 495 1272; x_wconf 89' lang='lat' dir='ltr'><strong>et</strong></span> <span class='ocrx_word' id='word_1_60' title='bbox 518 1201 664 1288; x_wconf 79' lang='lat' dir='ltr'><strong>audacia</strong></span> <span class='ocrx_word' id='word_1_61' title='bbox 680 1201 724 1272; x_wconf 91' lang='lat' dir='ltr'><strong>de</strong></span> <span class='ocrx_word' id='word_1_62' title='bbox 747 1197 975 1293; x_wconf 85' lang='lat' dir='ltr'><strong>fortitudine,</strong></span> <span class='ocrx_word' id='word_1_63' title='bbox 997 1199 1246 1312; x_wconf 78' lang='lat' dir='ltr'><strong>imprudentia</strong></span> 
     </span>
    </p>
   </div>
   <div class='ocr_carea' id='block_1_3' title="bbox 185 1295 1246 1397">
    <p class='ocr_par' dir='ltr' id='par_1_3' title="bbox 185 1295 1246 1397">
     <span class='ocr_line' id='line_1_12' title="bbox 185 1295 1246 1397; baseline 0.003 -27"><span class='ocrx_word' id='word_1_64' title='bbox 185 1327 187 1332; x_wconf 90' lang='lat'>·</span> <span class='ocrx_word' id='word_1_65' title='bbox 295 1300 340 1370; x_wconf 90' lang='lat' dir='ltr'><strong>de</strong></span> <span class='ocrx_word' id='word_1_66' title='bbox 364 1298 594 1390; x_wconf 86' lang='lat' dir='ltr'><strong>maturitate,</strong></span> <span class='ocrx_word' id='word_1_67' title='bbox 622 1297 745 1370; x_wconf 86' lang='lat' dir='ltr'><strong>levitas</strong></span> <span class='ocrx_word' id='word_1_68' title='bbox 762 1298 960 1376; x_wconf 72' lang='lat' dir='ltr'><strong>daconsilio</strong></span> <span class='ocrx_word' id='word_1_69' title='bbox 975 1295 989 1390; x_wconf 85' lang='grc'><strong>,’</strong></span> <span class='ocrx_word' id='word_1_70' title='bbox 1006 1299 1050 1370; x_wconf 90' lang='lat' dir='ltr'><strong>de</strong></span> <span class='ocrx_word' id='word_1_71' title='bbox 1068 1295 1246 1397; x_wconf 71' lang='lat' dir='ltr'><strong>magoth-2</strong></span> 
     </span>
    </p>
   </div>
   <div class='ocr_carea' id='block_1_4' title="bbox 183 1395 1271 2178">
    <p class='ocr_par' dir='ltr' id='par_1_4' title="bbox 295 1395 1245 1496">
     <span class='ocr_line' id='line_1_13' title="bbox 295 1395 1245 1496; baseline -0.004 -28"><span class='ocrx_word' id='word_1_72' title='bbox 295 1397 411 1488; x_wconf 75' lang='lat' dir='ltr'><strong>centih</strong></span> <span class='ocrx_word' id='word_1_73' title='bbox 427 1397 477 1466; x_wconf 91' lang='lat' dir='ltr'><strong>im</strong></span> <span class='ocrx_word' id='word_1_74' title='bbox 503 1412 628 1466; x_wconf 81' lang='lat' dir='ltr'><strong>ortuna</strong></span> <span class='ocrx_word' id='word_1_75' title='bbox 650 1395 825 1496; x_wconf 82' lang='lat' dir='ltr'><strong>gravitas,</strong></span> <span class='ocrx_word' id='word_1_76' title='bbox 847 1412 910 1466; x_wconf 88' lang='lat' dir='ltr'><strong>aut</strong></span> <span class='ocrx_word' id='word_1_77' title='bbox 927 1395 1094 1492; x_wconf 82' lang='lat' dir='ltr'><strong>majestas</strong></span> <span class='ocrx_word' id='word_1_78' title='bbox 1112 1396 1157 1466; x_wconf 89' lang='lat' dir='ltr'><strong>de</strong></span> <span class='ocrx_word' id='word_1_79' title='bbox 1181 1421 1245 1465; x_wconf 80' lang='lat' dir='ltr'><strong>co-</strong></span> 
     </span>
    </p>

    <p class='ocr_par' dir='ltr' id='par_1_5' title="bbox 297 1423 1246 1592">
     <span class='ocr_line' id='line_1_14' title="bbox 297 1423 1246 1592; baseline 0.004 -28"><span class='ocrx_word' id='word_1_80' title='bbox 297 1493 420 1580; x_wconf 84' lang='lat' dir='ltr'><strong>mitate</strong></span> <span class='ocrx_word' id='word_1_81' title='bbox 434 1423 720 1568; x_wconf 81' lang='lat' dir='ltr'><strong>velhumanitate</strong></span> <span class='ocrx_word' id='word_1_82' title='bbox 731 1493 870 1564; x_wconf 89' lang='lat' dir='ltr'><strong>deterit.</strong></span> <span class='ocrx_word' id='word_1_83' title='bbox 883 1493 976 1564; x_wconf 86' lang='lat' dir='ltr'><strong>Suus</strong></span> <span class='ocrx_word' id='word_1_84' title='bbox 988 1509 1042 1564; x_wconf 92' lang='lat' dir='ltr'><strong>est</strong></span> <span class='ocrx_word' id='word_1_85' title='bbox 1050 1493 1101 1564; x_wconf 76' lang='lat' dir='ltr'><strong>ita</strong></span> <span class='ocrx_word' id='word_1_86' title='bbox 1112 1492 1246 1592; x_wconf 75' lang='lat' dir='ltr'><strong>cuique</strong></span> 
     </span>
    </p>

    <p class='ocr_par' dir='ltr' id='par_1_6' title="bbox 297 1589 1247 1682">
     <span class='ocr_line' id='line_1_15' title="bbox 297 1589 1247 1682; baseline 0.003 -19"><span class='ocrx_word' id='word_1_87' title='bbox 297 1591 421 1663; x_wconf 83' lang='lat' dir='ltr'><strong>virtuti</strong></span> <span class='ocrx_word' id='word_1_88' title='bbox 439 1591 556 1682; x_wconf 86' lang='lat' dir='ltr'><strong>locus,</strong></span> <span class='ocrx_word' id='word_1_89' title='bbox 579 1606 620 1661; x_wconf 89' lang='lat' dir='ltr'><strong>ut</strong></span> <span class='ocrx_word' id='word_1_90' title='bbox 644 1589 781 1662; x_wconf 90' lang='lat' dir='ltr'><strong>nullum</strong></span> <span class='ocrx_word' id='word_1_91' title='bbox 804 1590 973 1664; x_wconf 80' lang='lat' dir='ltr'><strong>vitiorum</strong></span> <span class='ocrx_word' id='word_1_92' title='bbox 991 1589 1247 1666; x_wconf 75' lang='lat' dir='ltr'><strong>commercium</strong></span> 
     </span>
    </p>

    <p class='ocr_par' dir='ltr' id='par_1_7' title="bbox 298 1686 799 1760">
     <span class='ocr_line' id='line_1_16' title="bbox 298 1686 799 1760; baseline 0 -1"><span class='ocrx_word' id='word_1_93' title='bbox 298 1705 362 1760; x_wconf 81' lang='lat' dir='ltr'><strong>aut</strong></span> <span class='ocrx_word' id='word_1_94' title='bbox 378 1689 579 1759; x_wconf 81' lang='lat' dir='ltr'><strong>societatem</strong></span> <span class='ocrx_word' id='word_1_95' title='bbox 597 1686 799 1760; x_wconf 75' lang='lat' dir='ltr'><strong>admittant.</strong></span> 
     </span>
    </p>

    <p class='ocr_par' dir='ltr' id='par_1_8' title="bbox 183 1783 1248 1886">
     <span class='ocr_line' id='line_1_17' title="bbox 183 1783 1248 1886; baseline -0.005 -28"><span class='ocrx_word' id='word_1_96' title='bbox 183 1829 196 1858; x_wconf 74' lang='lat' dir='ltr'><strong>e</strong></span> <span class='ocrx_word' id='word_1_97' title='bbox 246 1844 254 1860; x_wconf 91' lang='lat'><strong>.</strong></span> <span class='ocrx_word' id='word_1_98' title='bbox 347 1786 530 1857; x_wconf 85' lang='lat' dir='ltr'><strong>Adderem</strong></span> <span class='ocrx_word' id='word_1_99' title='bbox 542 1784 597 1856; x_wconf 83' lang='lat' dir='ltr'><strong>hlc</strong></span> <span class='ocrx_word' id='word_1_100' title='bbox 616 1785 659 1856; x_wconf 91' lang='lat' dir='ltr'><strong>de</strong></span> <span class='ocrx_word' id='word_1_101' title='bbox 678 1787 826 1884; x_wconf 87' lang='lat' dir='ltr'><strong>meipso</strong></span> <span class='ocrx_word' id='word_1_102' title='bbox 846 1787 1028 1886; x_wconf 82' lang='lat' dir='ltr'><strong>quidpiam</strong></span> <span class='ocrx_word' id='word_1_103' title='bbox 1042 1837 1052 1874; x_wconf 89' lang='lat'><strong>,</strong></span> <span class='ocrx_word' id='word_1_104' title='bbox 1065 1783 1120 1856; x_wconf 85' lang='lat' dir='ltr'><strong>fili</strong></span> <span class='ocrx_word' id='word_1_105' title='bbox 1134 1784 1248 1854; x_wconf 84' lang='lat' dir='ltr'><strong>caris-</strong></span> 
     </span>
    </p>

    <p class='ocr_par' dir='ltr' id='par_1_9' title="bbox 299 1879 1271 2054">
     <span class='ocr_line' id='line_1_18' title="bbox 300 1879 1271 1982; baseline -0.002 -27"><span class='ocrx_word' id='word_1_106' title='bbox 300 1883 407 1974; x_wconf 86' lang='lat' dir='ltr'><strong>sime,</strong></span> <span class='ocrx_word' id='word_1_107' title='bbox 422 1882 490 1953; x_wconf 86' lang='lat' dir='ltr'><strong>nisi</strong></span> <span class='ocrx_word' id='word_1_108' title='bbox 504 1882 574 1952; x_wconf 86' lang='lat' dir='ltr'><strong>&#39;am</strong></span> <span class='ocrx_word' id='word_1_109' title='bbox 585 1879 622 1951; x_wconf 90' lang='lat' dir='ltr'><strong>in</strong></span> <span class='ocrx_word' id='word_1_110' title='bbox 635 1883 768 1954; x_wconf 85' lang='lat' dir='ltr'><strong>caeteris</strong></span> <span class='ocrx_word' id='word_1_111' title='bbox 779 1881 992 1956; x_wconf 77' lang='lat' dir='ltr'><strong>suffecissent</strong></span> <span class='ocrx_word' id='word_1_112' title='bbox 1003 1882 1068 1954; x_wconf 90' lang='lat' dir='ltr'><strong>tibi</strong></span> <span class='ocrx_word' id='word_1_113' title='bbox 1080 1883 1247 1982; x_wconf 82' lang='lat' dir='ltr'><strong>graviora</strong></span> <span class='ocrx_word' id='word_1_114' title='bbox 1265 1925 1271 1942; x_wconf 47' lang='grc' dir='ltr'>κ</span> 
     </span>
     <span class='ocr_line' id='line_1_19' title="bbox 299 1911 1250 2054; baseline -0.005 -1"><span class='ocrx_word' id='word_1_115' title='bbox 299 1981 411 2053; x_wconf 76' lang='lat' dir='ltr'><strong>multo</strong></span> <span class='ocrx_word' id='word_1_116' title='bbox 429 1911 543 2050; x_wconf 86' lang='lat' dir='ltr'><strong>laudis</strong></span> <span class='ocrx_word' id='word_1_117' title='bbox 555 1979 794 2052; x_wconf 84' lang='lat' dir='ltr'><strong>incitamenta.</strong></span> <span class='ocrx_word' id='word_1_118' title='bbox 811 1981 951 2054; x_wconf 86' lang='lat' dir='ltr'><strong>Tamen</strong></span> <span class='ocrx_word' id='word_1_119' title='bbox 965 1980 1170 2053; x_wconf 83' lang='lat' dir='ltr'><strong>meminisse</strong></span> <span class='ocrx_word' id='word_1_120' title='bbox 1185 1979 1250 2048; x_wconf 78' lang='lat' dir='ltr'><strong>in·</strong></span> 
     </span>
    </p>

    <p class='ocr_par' dir='ltr' id='par_1_10' title="bbox 258 2077 1255 2178">
     <span class='ocr_line' id='line_1_20' title="bbox 258 2077 1255 2178; baseline -0.001 -29"><span class='ocrx_word' id='word_1_121' title='bbox 258 2155 261 2161; x_wconf 61' lang='grc'><strong>,</strong></span> <span class='ocrx_word' id='word_1_122' title='bbox 298 2079 439 2150; x_wconf 87' lang='lat' dir='ltr'><strong>terdtlm</strong></span> <span class='ocrx_word' id='word_1_123' title='bbox 458 2077 567 2175; x_wconf 88' lang='lat' dir='ltr'><strong>patris</strong></span> <span class='ocrx_word' id='word_1_124' title='bbox 579 2104 649 2148; x_wconf 90' lang='lat' dir='ltr'><strong>non</strong></span> <span class='ocrx_word' id='word_1_125' title='bbox 666 2077 806 2178; x_wconf 80' lang='lat' dir='ltr'><strong>pigeat3</strong></span> <span class='ocrx_word' id='word_1_126' title='bbox 821 2097 858 2150; x_wconf 87' lang='lat' dir='ltr'><strong>et</strong></span> <span class='ocrx_word' id='word_1_127' title='bbox 869 2080 955 2150; x_wconf 86' lang='lat' dir='ltr'><strong>dt&#39;tm</strong></span> <span class='ocrx_word' id='word_1_128' title='bbox 973 2077 1111 2150; x_wconf 84' lang='lat' dir='ltr'><strong>narrari</strong></span> <span class='ocrx_word' id='word_1_129' title='bbox 1124 2077 1175 2148; x_wconf 87' lang='lat' dir='ltr'><strong>de</strong></span> <span class='ocrx_word' id='word_1_130' title='bbox 1192 2095 1255 2148; x_wconf 72' lang='lat' dir='ltr'><strong>me·</strong></span> 
     </span>
    </p>
   </div>
   <div class='ocr_carea' id='block_1_5' title="bbox 209 2175 1252 2490">
    <p class='ocr_par' dir='ltr' id='par_1_11' title="bbox 209 2175 1252 2490">
     <span class='ocr_line' id='line_1_21' title="bbox 326 2175 1249 2275; baseline -0.003 -27"><span class='ocrx_word' id='word_1_131' title='bbox 326 2175 483 2275; x_wconf 84' lang='lat' dir='ltr'><strong>uidpiam</strong></span> <span class='ocrx_word' id='word_1_132' title='bbox 502 2175 644 2266; x_wconf 87' lang='lat' dir='ltr'><strong>audies,</strong></span> <span class='ocrx_word' id='word_1_133' title='bbox 663 2203 744 2248; x_wconf 90' lang='lat' dir='ltr'><strong>cum</strong></span> <span class='ocrx_word' id='word_1_134' title='bbox 767 2177 814 2248; x_wconf 88' lang='lat' dir='ltr'><strong>ali</strong></span> <span class='ocrx_word' id='word_1_135' title='bbox 839 2181 886 2249; x_wconf 70' lang='lat' dir='ltr'><strong>uh</strong></span> <span class='ocrx_word' id='word_1_136' title='bbox 903 2175 1042 2250; x_wconf 75' lang='lat' dir='ltr'><strong>virtutis</strong></span> <span class='ocrx_word' id='word_1_137' title='bbox 1060 2199 1249 2246; x_wconf 86' lang='lat' dir='ltr'><strong>commen-</strong></span> 
     </span>
     <span class='ocr_line' id='line_1_22' title="bbox 209 2205 1252 2375; baseline -0.001 -30"><span class='ocrx_word' id='word_1_138' title='bbox 209 2323 213 2332; x_wconf 88' lang='lat'><strong>·</strong></span> <span class='ocrx_word' id='word_1_139' title='bbox 300 2205 469 2365; x_wconf 78' lang='lat' dir='ltr'><strong>datione,</strong></span> <span class='ocrx_word' id='word_1_140' title='bbox 511 2273 760 2346; x_wconf 87' lang='lat' dir='ltr'><strong>documentum</strong></span> <span class='ocrx_word' id='word_1_141' title='bbox 788 2276 826 2346; x_wconf 90' lang='lat' dir='ltr'><strong>in</strong></span> <span class='ocrx_word' id='word_1_142' title='bbox 852 2279 871 2346; x_wconf 75' lang='grc' dir='ltr'>ὲ</span> <span class='ocrx_word' id='word_1_143' title='bbox 899 2301 1008 2374; x_wconf 89' lang='lat' dir='ltr'><strong>cape,</strong></span> <span class='ocrx_word' id='word_1_144' title='bbox 1037 2272 1168 2375; x_wconf 86' lang='lat' dir='ltr'><strong>quanti</strong></span> <span class='ocrx_word' id='word_1_145' title='bbox 1202 2271 1252 2352; x_wconf 77' lang='lat' dir='ltr'><strong>sit</strong></span> 
     </span>
     <span class='ocr_line' id='line_1_23' title="bbox 302 2370 925 2490; baseline 0 -46"><span class='ocrx_word' id='word_1_146' title='bbox 302 2372 451 2444; x_wconf 86' lang='lat' dir='ltr'><strong>eandem</strong></span> <span class='ocrx_word' id='word_1_147' title='bbox 471 2370 658 2490; x_wconf 69' lang='lat' dir='ltr'><strong>pliquandh</strong></span> <span class='ocrx_word' id='word_1_148' title='bbox 678 2375 925 2471; x_wconf 88' lang='lat' dir='ltr'><strong>promeruisse.</strong></span> 
     </span>
    </p>
   </div>
   <div class='ocr_carea' id='block_1_6' title="bbox 445 2523 1100 2608">
    <p class='ocr_par' dir='ltr' id='par_1_12' title="bbox 445 2523 1100 2608">
     <span class='ocr_line' id='line_1_24' title="bbox 445 2523 1100 2608; baseline -0.005 -1"><span class='ocrx_word' id='word_1_149' title='bbox 445 2535 594 2608; x_wconf 91' lang='lat' dir='ltr'><strong>ALIA</strong></span> <span class='ocrx_word' id='word_1_150' title='bbox 644 2523 1100 2606; x_wconf 76' lang='lat' dir='ltr'><strong>EXE&#39;uclTATIO.</strong></span> 
     </span>
    </p>
   </div>
   <div class='ocr_carea' id='block_1_7' title="bbox 304 2664 1250 2837">
    <p class='ocr_par' dir='ltr' id='par_1_13' title="bbox 304 2664 1250 2837">
     <span class='ocr_line' id='line_1_25' title="bbox 304 2664 1250 2749; baseline -0.003 -9"><span class='ocrx_word' id='word_1_151' title='bbox 304 2666 481 2740; x_wconf 82' lang='lat' dir='ltr'><strong>Amilcar</strong></span> <span class='ocrx_word' id='word_1_152' title='bbox 521 2666 888 2740; x_wconf 70' lang='lat' dir='ltr'><strong>Carthainiensium</strong></span> <span class='ocrx_word' id='word_1_153' title='bbox 920 2664 1022 2736; x_wconf 78' lang='lat' dir='ltr'><strong>Dur</strong></span> <span class='ocrx_word' id='word_1_154' title='bbox 1040 2716 1056 2749; x_wconf 85' lang='lat'><em>,</em></span> <span class='ocrx_word' id='word_1_155' title='bbox 1099 2665 1250 2737; x_wconf 83' lang='lat' dir='ltr'><strong>Filium</strong></span> 
     </span>
     <span class='ocr_line' id='line_1_26' title="bbox 353 2692 1245 2837; baseline -0.004 0"><span class='ocrx_word' id='word_1_156' title='bbox 353 2763 585 2837; x_wconf 78' lang='lat' dir='ltr'><strong>Annibalem</strong></span> <span class='ocrx_word' id='word_1_157' title='bbox 606 2692 752 2835; x_wconf 47' lang='lat' dir='ltr'><strong>sofe&#39;nai</strong></span> <span class='ocrx_word' id='word_1_158' title='bbox 781 2762 869 2834; x_wconf 64' lang='lat' dir='ltr'><strong>ante</strong></span> <span class='ocrx_word' id='word_1_159' title='bbox 894 2760 984 2833; x_wconf 77' lang='lat' dir='ltr'><strong>aras</strong></span> <span class='ocrx_word' id='word_1_160' title='bbox 1005 2781 1245 2834; x_wconf 82' lang='lat' dir='ltr'><strong>sacramento</strong></span> 
     </span>
    </p>
   </div>
   <div class='ocr_carea' id='block_1_8' title="bbox 283 2859 1248 3059">
    <p class='ocr_par' dir='ltr' id='par_1_14' title="bbox 283 2859 1248 3059">
     <span class='ocr_line' id='line_1_27' title="bbox 351 2859 1248 2962; baseline 0.002 -32"><span class='ocrx_word' id='word_1_161' title='bbox 351 2859 502 2960; x_wconf 81' lang='lat' dir='ltr'><strong>adigit,</strong></span> <span class='ocrx_word' id='word_1_162' title='bbox 529 2880 573 2933; x_wconf 86' lang='lat' dir='ltr'><strong>ut</strong></span> <span class='ocrx_word' id='word_1_163' title='bbox 611 2859 753 2932; x_wconf 81' lang='lat' dir='ltr'><strong>nullam</strong></span> <span class='ocrx_word' id='word_1_164' title='bbox 786 2887 871 2932; x_wconf 83' lang='lat' dir='ltr'><strong>cum</strong></span> <span class='ocrx_word' id='word_1_165' title='bbox 901 2861 1085 2932; x_wconf 75' lang='lat' dir='ltr'><strong>Romanis</strong></span> <span class='ocrx_word' id='word_1_166' title='bbox 1102 2886 1248 2962; x_wconf 84' lang='lat' dir='ltr'><strong>pacem</strong></span> 
     </span>
     <span class='ocr_line' id='line_1_28' title="bbox 283 2957 734 3059; baseline -0.004 -29"><span class='ocrx_word' id='word_1_167' title='bbox 283 2959 289 2974; x_wconf 88' lang='grc'><strong>’</strong></span> <span class='ocrx_word' id='word_1_168' title='bbox 354 2984 520 3059; x_wconf 81' lang='lat' dir='ltr'><strong>uuquam</strong></span> <span class='ocrx_word' id='word_1_169' title='bbox 544 2957 734 3032; x_wconf 77' lang='lat' dir='ltr'><strong>admittat.</strong></span> 
     </span>
    </p>
   </div>
   <div class='ocr_carea' id='block_1_9' title="bbox 598 3105 952 3170">
    <p class='ocr_par' dir='ltr' id='par_1_15' title="bbox 598 3105 952 3170">
     <span class='ocr_line' id='line_1_29' title="bbox 598 3105 952 3170; baseline -0.003 -2"><span class='ocrx_word' id='word_1_170' title='bbox 598 3105 952 3170; x_wconf 83' lang='lat' dir='ltr'><strong>SYNOPSIS.</strong></span> 
     </span>
    </p>
   </div>
   <div class='ocr_carea' id='block_1_10' title="bbox 307 3203 1249 3831">
    <p class='ocr_par' dir='ltr' id='par_1_16' title="bbox 307 3203 1249 3831">
     <span class='ocr_line' id='line_1_30' title="bbox 307 3203 1248 3340; baseline 0 -26"><span class='ocrx_word' id='word_1_171' title='bbox 307 3253 430 3314; x_wconf 75' lang='lat' dir='ltr'><strong>Exord.</strong></span> <span class='ocrx_word' id='word_1_172' title='bbox 447 3203 518 3319; x_wconf 63' lang='lat' dir='ltr'><strong>Pa</strong></span> <span class='ocrx_word' id='word_1_173' title='bbox 528 3278 550 3316; x_wconf 81' lang='lat' dir='ltr'><strong>n</strong></span> <span class='ocrx_word' id='word_1_174' title='bbox 564 3257 731 3340; x_wconf 80' lang='lat' dir='ltr'><strong>Prolepsim</strong></span> <span class='ocrx_word' id='word_1_175' title='bbox 746 3279 757 3316; x_wconf 94' lang='lat'><strong>.·</strong></span> <span class='ocrx_word' id='word_1_176' title='bbox 779 3257 933 3318; x_wconf 83' lang='lat' dir='ltr'><strong>dicetnon</strong></span> <span class='ocrx_word' id='word_1_177' title='bbox 947 3255 1150 3332; x_wconf 73' lang='lat' dir='ltr'><strong>dubitarem,</strong></span> <span class='ocrx_word' id='word_1_178' title='bbox 1170 3256 1248 3336; x_wconf 79' lang='lat' dir='ltr'><strong>quin</strong></span> 
     </span>
     <span class='ocr_line' id='line_1_31' title="bbox 308 3334 1248 3412; baseline 0.005 -19"><span class='ocrx_word' id='word_1_179' title='bbox 308 3334 421 3395; x_wconf 82' lang='lat' dir='ltr'><strong>habeat</strong></span> <span class='ocrx_word' id='word_1_180' title='bbox 441 3339 476 3394; x_wconf 88' lang='lat' dir='ltr'><strong>in</strong></span> <span class='ocrx_word' id='word_1_181' title='bbox 493 3337 558 3398; x_wconf 85' lang='lat' dir='ltr'><strong>filio</strong></span> <span class='ocrx_word' id='word_1_182' title='bbox 601 3355 713 3400; x_wconf 74' lang='lat' dir='ltr'><strong>aterum</strong></span> <span class='ocrx_word' id='word_1_183' title='bbox 733 3343 857 3400; x_wconf 79' lang='lat' dir='ltr'><strong>virtutis</strong></span> <span class='ocrx_word' id='word_1_184' title='bbox 877 3337 1081 3400; x_wconf 71' lang='lat' dir='ltr'><strong>aemulatorem</strong></span> <span class='ocrx_word' id='word_1_185' title='bbox 1096 3359 1105 3412; x_wconf 69' lang='grc' dir='ltr'><strong>ς</strong></span> <span class='ocrx_word' id='word_1_186' title='bbox 1122 3352 1154 3395; x_wconf 86' lang='lat' dir='ltr'><strong>at</strong></span> <span class='ocrx_word' id='word_1_187' title='bbox 1168 3335 1248 3398; x_wconf 76' lang='lat' dir='ltr'><strong>velle</strong></span> 
     </span>
     <span class='ocr_line' id='line_1_32' title="bbox 309 3362 1249 3502; baseline 0.003 -28"><span class='ocrx_word' id='word_1_188' title='bbox 309 3437 341 3475; x_wconf 80' lang='lat' dir='ltr'><strong>se</strong></span> <span class='ocrx_word' id='word_1_189' title='bbox 363 3416 396 3475; x_wconf 94' lang='lat' dir='ltr'><strong>id</strong></span> <span class='ocrx_word' id='word_1_190' title='bbox 412 3416 523 3479; x_wconf 86' lang='lat' dir='ltr'><strong>habere</strong></span> <span class='ocrx_word' id='word_1_191' title='bbox 543 3362 671 3501; x_wconf 75' lang='lat' dir='ltr'><strong>solatii,</strong></span> <span class='ocrx_word' id='word_1_192' title='bbox 694 3437 729 3480; x_wconf 93' lang='lat' dir='ltr'><strong>ut</strong></span> <span class='ocrx_word' id='word_1_193' title='bbox 749 3425 776 3480; x_wconf 81' lang='lat' dir='ltr'><strong>si</strong></span> <span class='ocrx_word' id='word_1_194' title='bbox 801 3421 875 3502; x_wconf 86' lang='lat' dir='ltr'><strong>quid</strong></span> <span class='ocrx_word' id='word_1_195' title='bbox 899 3425 957 3480; x_wconf 85' lang='lat' dir='ltr'><strong>sibi</strong></span> <span class='ocrx_word' id='word_1_196' title='bbox 982 3419 1159 3480; x_wconf 78' lang='lat' dir='ltr'><strong>humanitus</strong></span> <span class='ocrx_word' id='word_1_197' title='bbox 1173 3439 1249 3480; x_wconf 86' lang='lat' dir='ltr'><strong>oon·</strong></span> 
     </span>
     <span class='ocr_line' id='line_1_33' title="bbox 310 3499 1162 3582; baseline 0.007 -26"><span class='ocrx_word' id='word_1_198' title='bbox 310 3501 354 3557; x_wconf 89' lang='lat' dir='ltr'><strong>tin</strong></span> <span class='ocrx_word' id='word_1_199' title='bbox 378 3515 464 3576; x_wconf 85' lang='lat' dir='ltr'><strong>eret,</strong></span> <span class='ocrx_word' id='word_1_200' title='bbox 485 3501 625 3560; x_wconf 83' lang='lat' dir='ltr'><strong>heredem</strong></span> <span class='ocrx_word' id='word_1_201' title='bbox 640 3503 796 3582; x_wconf 74' lang='lat' dir='ltr'><strong>relinquat</strong></span> <span class='ocrx_word' id='word_1_202' title='bbox 809 3506 856 3561; x_wconf 87' lang='lat' dir='ltr'><strong>sui</strong></span> <span class='ocrx_word' id='word_1_203' title='bbox 873 3505 905 3561; x_wconf 87' lang='lat' dir='ltr'><strong>in</strong></span> <span class='ocrx_word' id='word_1_204' title='bbox 919 3503 1074 3562; x_wconf 84' lang='lat' dir='ltr'><strong>Romanos</strong></span> <span class='ocrx_word' id='word_1_205' title='bbox 1087 3499 1162 3562; x_wconf 90' lang='lat' dir='ltr'><strong>odii.</strong></span> 
     </span>
     <span class='ocr_line' id='line_1_34' title="bbox 351 3522 1248 3661; baseline 0.004 -23"><span class='ocrx_word' id='word_1_206' title='bbox 351 3522 474 3642; x_wconf 62' lang='lat' dir='ltr'><strong>sseiudh</strong></span> <span class='ocrx_word' id='word_1_207' title='bbox 488 3581 713 3661; x_wconf 85' lang='lat' dir='ltr'><strong>Propositionia</strong></span> <span class='ocrx_word' id='word_1_208' title='bbox 724 3583 791 3642; x_wconf 90' lang='lat' dir='ltr'><strong>loco</strong></span> <span class='ocrx_word' id='word_1_209' title='bbox 804 3625 813 3658; x_wconf 84' lang='lat'>,</span> <span class='ocrx_word' id='word_1_210' title='bbox 831 3606 916 3642; x_wconf 84' lang='lat' dir='ltr'><strong>suum</strong></span> <span class='ocrx_word' id='word_1_211' title='bbox 929 3587 960 3642; x_wconf 84' lang='lat' dir='ltr'><strong>in</strong></span> <span class='ocrx_word' id='word_1_212' title='bbox 979 3583 1133 3642; x_wconf 83' lang='lat' dir='ltr'><strong>Romanos</strong></span> <span class='ocrx_word' id='word_1_213' title='bbox 1143 3583 1248 3642; x_wconf 82' lang='lat' dir='ltr'><strong>odium</strong></span> 
     </span>
     <span class='ocr_line' id='line_1_35' title="bbox 311 3661 1249 3746; baseline 0.003 -26"><span class='ocrx_word' id='word_1_214' title='bbox 311 3679 468 3740; x_wconf 74' lang='lat' dir='ltr'><strong>exponet3</strong></span> <span class='ocrx_word' id='word_1_215' title='bbox 517 3661 579 3722; x_wconf 89' lang='lat' dir='ltr'><strong>uod</strong></span> <span class='ocrx_word' id='word_1_216' title='bbox 605 3664 687 3723; x_wconf 87' lang='lat' dir='ltr'><strong>dicet</strong></span> <span class='ocrx_word' id='word_1_217' title='bbox 711 3667 862 3745; x_wconf 82' lang='lat' dir='ltr'><strong>accepisse</strong></span> <span class='ocrx_word' id='word_1_218' title='bbox 886 3687 918 3724; x_wconf 86' lang='lat' dir='ltr'><strong>se</strong></span> <span class='ocrx_word' id='word_1_219' title='bbox 937 3668 955 3723; x_wconf 75' lang='lat' dir='ltr'><strong>h</strong></span> <span class='ocrx_word' id='word_1_220' title='bbox 976 3665 1144 3746; x_wconf 85' lang='lat' dir='ltr'><strong>majoribus</strong></span> <span class='ocrx_word' id='word_1_221' title='bbox 1162 3665 1249 3726; x_wconf 85' lang='lat' dir='ltr'><strong>ltere·</strong></span> 
     </span>
     <span class='ocr_line' id='line_1_36' title="bbox 311 3684 1180 3831; baseline 0.007 -31"><span class='ocrx_word' id='word_1_222' title='bbox 311 3739 475 3831; x_wconf 80' lang='lat' dir='ltr'><strong>ditarium,</strong></span> <span class='ocrx_word' id='word_1_223' title='bbox 496 3684 649 3808; x_wconf 77' lang='lat' dir='ltr'><strong>doliturus</strong></span> <span class='ocrx_word' id='word_1_224' title='bbox 664 3747 847 3823; x_wconf 60' lang='lat' dir='ltr'><strong>nisieodem</strong></span> <span class='ocrx_word' id='word_1_225' title='bbox 862 3746 945 3807; x_wconf 80' lang='lat' dir='ltr'><strong>filius</strong></span> <span class='ocrx_word' id='word_1_226' title='bbox 959 3743 1180 3810; x_wconf 72' lang='lat' dir='ltr'><strong>stimulet-etur.</strong></span> 
     </span>
    </p>
   </div>
   <div class='ocr_carea' id='block_1_11' title="bbox 0 0 1379 4418">
    <p class='ocr_par' dir='ltr' id='par_1_17' title="bbox 0 0 1379 4418">
     <span class='ocr_line' id='line_1_37' title="bbox 0 0 1379 4418; baseline 0 0"><span class='ocrx_word' id='word_1_227' title='bbox 0 0 1379 4418; x_wconf 95' lang='lat' dir='ltr'><strong> </strong></span> 
     </span>
    </p>
   </div>
  </div>
 </body>
</html>
