2710 4418
307 229 516 278 ιιιιιιι
563 229 836 283 runos.
970 216 1043 291 205

90 327 186 402 lent
192 378 208 413 ,
227 329 295 429 qui
310 328 396 398 cum
405 352 618 400 communes
628 328 756 403 hostes
769 334 845 404 sint
858 335 1043 423 omniurn,

91 443 231 499 tamen
248 423 399 525 aliquos
417 424 493 496 sibi
508 429 709 500 instituunt
716 432 860 502 amicos
873 481 888 514 ,
931 432 1044 505 uibus

95 550 176 594 non
192 522 497 622 modbparrant,
522 525 654 595 uerum
670 529 787 597 etiam
797 457 936 628 pmii
950 557 1044 630 quos

95 639 291 720 augeant,
305 638 347 692 et
356 646 422 691 eos
433 621 603 692 maxime
610 673 622 712 ,
663 623 1044 726 uiltabentoppidum

95 735 307 818 opportuno
324 715 427 808 loco,
451 716 526 842 ouo
545 743 622 818 saep
672 720 890 794 adeundum
906 727 960 796 sit
971 751 1043 796 na-

97 815 216 888 vibus
229 867 241 906 ,
255 841 519 916 nonnunquam
536 820 653 888 etiarn
668 817 895 892 necessario.

150 914 234 984 Huc
259 910 352 984 refer
369 911 676 1011 Comparationem
693 917 948 989 Accusatorum
962 946 1043 992 cum

98 1011 301 1082 Anseribus
349 1035 388 1080 ro
412 1008 538 1081 Roscio
567 1038 603 1082 n.
637 1012 697 1085 56.
737 1011 1052 1114 Comparationem,

98 1108 212 1208 syltae
227 1135 308 1178 cum
324 1038 411 1181 iove
424 1106 500 1178 ibid
519 1133 556 1178 ιι.
581 1109 662 1180 131.

150 1203 314 1276 Secundo
331 1221 475 1276 ornamr
493 1205 693 1279 Similitudo
713 1235 777 1306 per
791 1209 985 1282 Fictionim
1000 1227 1042 1284 ut

98 1305 205 1376 Orat.
264 1329 302 1372 ro
330 1301 447 1374 Sextio
478 1329 515 1374 n.
544 1303 605 1394 45.
646 1309 797 1378 Etenim
821 1312 856 1379 si
880 1307 975 1380 milii
1000 1315 1042 1381 in

97 1399 183 1502 aliq
259 1425 354 1474 nore
369 1427 455 1472 cum
472 1405 568 1473 meis
583 1407 718 1474 amicis
728 1455 744 1490 ,
762 1409 955 1504 naviganti
969 1405 1043 1478 hoe

98 1499 310 1572 accidisset
316 1549 332 1583 ,
345 1518 390 1571 ut
401 1497 512 1571 multi
522 1525 578 1571 esc
594 1498 722 1573 multis
740 1499 1043 1603 locispnedones

98 1595 290 1672 classibus
310 1621 397 1670 eam
416 1623 549 1670 navem
565 1624 608 1669 se
624 1623 863 1698 oppressuros
886 1605 1039 1674 minita-

98 1713 252 1780 rentur,
273 1698 350 1766 nisi
371 1721 432 1766 me
448 1721 561 1767 unum
575 1695 650 1767 sibi
668 1696 930 1788 dedidissent;
948 1702 983 1770 si
996 1696 1046 1772 id

98 1809 273 1865 vectores
290 1810 492 1892 negarent,
510 1819 559 1864 ao
573 1820 719 1866 mecum
736 1793 855 1866 simul
862 1800 1040 1884 interire,

97 1892 216 1991 quam
230 1917 290 1962 me
300 1891 451 1964 madere
466 1889 636 1963 hostibus
659 1890 820 1966 mallent
826 1923 844 1982 ,·
860 1895 1042 1990 jecissem

98 2015 162 2060 me
174 1992 256 2090 ipse
261 1989 396 2090 potius
407 1993 447 2060 in
448 2013 524 2090 pm
541 1989 682 2062 undum
692 2041 708 2076 ,
726 2009 771 2062 ut
784 2009 939 2064 coeteros
955 2018 1042 2065 con·

97 2111 308 2173 servarem,
333 2087 448 2188 quum
469 2085 505 2158 il
538 2113 557 2160 s
579 2091 661 2159 mei
673 2107 752 2161 tam
773 2089 953 2206 crfflidos,
968 2118 1042 2164 non

99 2184 214 2257 modo
241 2185 302 2257 ad
326 2203 466 2258 certam
499 2205 676 2278 mortem„
702 2187 780 2260 sed
802 2213 842 2260 zn
864 2215 1044 2288 magnum

38 2296 42 2304 ’
97 2287 192 2356 vitu
221 2283 423 2355 discrimen
454 2285 685 2356 adducerem
706 2338 723 2373 ,
755 2303 815 2358 etc
820 2336 946 2358 .....
973 2285 1045 2357 Per

97 2382 199 2452 iilam
210 2381 404 2453 Fictionem
418 2383 571 2453 ostendit
579 2382 710 2454 ,Cicero
723 2385 833 2481 quim
848 2382 1041 2494 pru'denter

98 2479 258 2552 cessisset
267 2507 312 2551 ex
322 2481 410 2550 urbe
427 2479 547 2552 invitis
557 2531 569 2568 ,
590 2506 629 2550 ac
651 2479 930 2590 repugnantlbus
948 2477 1040 2550 ami·

8 2589 9 2592 ’
98 2578 176 2670 eis,
209 2601 265 2650 ne·
284 2578 376 2679 ipsos
402 2577 441 2648 in
478 2581 609 2678 magni
639 2578 745 2676 Reip.
776 2575 1041 2676 perturbatione

8 2697 10 2748 ι
99 2676 261 2748 maximis
278 2676 442 2775 periculis
459 2691 662 2774 exponeret.

8 2843 10 2856 ,
146 2777 195 2846 Et
220 2776 321 2846 Orat.
340 2775 379 2845 in
404 2773 483 2845 Cat.
510 2779 546 2864 4.
571 2801 608 2845 ιι.
630 2797 687 2844 12.
716 2773 839 2845 Habes
865 2773 934 2847 alia
957 2775 1042 2846 Fic-

8 2891 9 2906 ³
99 2873 202 2943 tionis
220 2872 382 2971 exempla
397 2897 429 2942 1.
453 2872 604 2944 Verrini
621 2899 659 2942 n.
677 2897 735 2942 20.
753 2875 789 2944 6.
809 2873 896 2944 Ver.
917 2899 955 2945 ιι.
975 2873 1037 2973 78.
1067 2911 1073 2924 ·

8 3019 9 3054 3
99 2996 162 3068 pro
173 2970 387 3042 caecinnen.
408 2995 441 3042 1.
454 2995 492 3039 ιι.
503 2968 564 3042 35.
575 2997 639 3069 pro
651 2969 747 3069 Lege
759 2969 911 3042 Manilii
923 3000 960 3044 n.
973 2974 1035 3046 50.

8 3057 10 3150 ζ
98 3095 164 3166 pro
175 3069 294 3139 Sextio
309 3095 346 3138 ιι.
367 3068 427 3140 83.

149 3165 271 3236 Tertio
288 3165 447 3236 exornari
468 3166 670 3240 Similitudo
740 3182 810 3239 test
832 3191 896 3264 per
911 3165 1037 3266 Hypo-

98 3264 252 3364 tiposim.
279 3261 347 3333 Uti
377 3260 460 3336 fecit
488 3263 609 3336 Cicero
637 3265 665 3335 P
694 3264 767 3363 'ip.
788 3263 828 3362 ij.
856 3289 893 3334 ιι.
913 3289 954 3377 J.
975 3265 1039 3338 ubi

98 3362 296 3434 Antonium
312 3387 393 3458 cunr
403 3361 589 3434 Dolabella
601 3389 677 3432 com
702 3387 827 3454 mans,
852 3379 1039 3464 utriusque

97 3459 268 3533 sevitiam
300 3457 442 3557 subjicit
472 3461 510 3531 in
539 3475 651 3532 morte
678 3387 865 3534 Pfrebonii.
900 3462 1038 3534 Ponite

95 3562 219 3656 igitur
237 3557 327 3629 ante
349 3557 477 3632 oculos
488 3610 503 3644 ‚
536 3559 585 3631 P.
609 3558 651 3630 C.
678 3561 855 3630 miseram
882 3558 1036 3658 quidem

96 3655 207 3728 illam
223 3674 266 3728 et
264 3653 445 3757 flebilem
459 3659 623 3760 speciem
632 3707 647 3741 ,
667 3655 742 3728 sed
754 3655 814 3728 ad
825 3653 1038 3728 incitandos

93 3757 244 3845 animos
272 3772 416 3832 nosnos
439 3757 691 3832 necessariam
702 3785 720 3844 ,·
742 3771 958 3830 nocturnum
970 3756 1038 3827 im·
