2768 4410
340 217 547 268 arran
604 219 881 270 rattruut
1015 199 1087 296 269

35 399 41 418 ⁸
143 339 180 395 et
197 317 339 396 avulsus
354 318 472 392 medio
487 317 588 420 regni
598 319 641 390 de
657 321 737 391 sinu
748 371 760 412 ‚
771 316 935 392 fidelibus
949 301 1088 421 ¹populis
1123 335 1278 422 scensas

142 436 309 518 ereptus,
337 417 539 516 peregrinas
567 417 688 515 procul
713 419 753 490 in
779 444 858 489 oras
884 417 980 490 viam
1006 404 1203 518 Ῥεῖ-ΕΜ·

142 535 281 608 tentes3
299 531 341 590 ut
355 532 488 590 certam
505 515 601 612 apud
618 530 697 585 tuos
715 515 865 614 gloriam
882 515 955 613 spei
972 515 1090 590 dubiae

143 632 180 688 et
203 614 368 713 ancipiti,
418 613 551 691 lcriosae
570 612 665 711 pacis
693 613 831 704 otium,
855 613 954 684 novis
979 612 1090 686 bello-

143 739 225 786 rum
248 640 460 786 tumultiius
472 761 486 796 ,
511 707 646 809 regales
672 709 763 790 aulae
793 709 954 802 delicias,
979 709 1092 812 longis
1124 785 1126 792 ,

144 811 283 884 viarum
299 809 590 908 obsidionumque
615 802 921 907 defatigationibus
942 825 1091 920 postpo-

142 905 233 978 nasi·
257 905 342 980 Non
359 924 419 997 te,
476 931 531 976 uae
548 919 690 978 caeteros
714 903 838 976 heroas
864 907 1091 980 extumulare

146 1021 184 1078 et
207 1004 395 1078 accendere
419 933 550 1108 soient2
575 1002 633 1074 vel
654 1003 828 1101 impotens
847 1001 1012 1093 ambitio,
1033 1004 1092 1083 vel

146 1101 387 1215 comparandae
409 1099 527 1201 gloriae
544 1099 740 1212 cupiditas,
756 1099 814 1173 vel
829 1100 1001 1172 dilatandi
1020 1101 1090 1172 im·
1126 1183 1129 1188 ,

145 1201 235 1298 perii
261 1225 340 1299 spes
368 1214 404 1269 et
426 1213 621 1296 expectatio
638 1196 844 1272 incitarunt.
867 1198 1009 1270 Totum¹
1025 1197 1092 1272 hoc

92 1295 96 1302 ’
146 1296 214 1368 sibi
231 1299 331 1368 Deus
352 1295 526 1386 vindicat,
546 1295 828 1395 quodcumquea
853 1296 904 1368 ud
922 1295 1092 1372 barbaros

31 1431 35 1434 ·
146 1393 303 1494 quaeris3
329 1409 371 1464 tu
393 1393 643 1506 promovendae
670 1393 780 1492 ipsius
796 1322 943 1563 {iisdem
989 1421 1092 1494 ropa-

170 1491 269 1566 andis
300 1492 456 1588 ulteridsJ
476 1491 587 1604 ipsius
612 1491 712 1590 regni
734 1485 796 1560 tini
822 1517 863 1562 us
891 1421 1089 1563 adlalmras.

145 1517 194 1660 it
216 1615 295 1680 vos,
315 1615 401 1690 quos
418 1603 510 1662 tants
527 1587 640 1687 operis
657 1587 763 1658 socios
779 1603 886 1687 atque
913 1586 1091 1687 adjutores
1214 1615 1217 1620 ’

147 1685 216 1757 sibi
239 1686 437 1759 Ludovicus
458 1685 604 1758 adscivit
618 1687 836 1778 ,·aestimate,
859 1701 900 1758 ut
924 1712 988 1785 par
1012 1702 1089 1780 est,
1225 1689 1233 1705 '

146 1784 352 1856 conditionis
370 1800 506 1856 ,πεπτω
529 1783 768 1883 dignitatem,
798 1799 836 1856 et
860 1780 1091 1858 honorificum

146 1908 186 1958 sa
210 1881 394 1954 ientissimi
410 1883 465 1956 Re
491 1881 518 1952 's
535 1879 707 1980 judicium
726 1877 826 1960 lactis
841 1877 1057 1954 confirmate.

187 1909 322 2081 licque
346 1980 442 2051 enim
489 1979 496 1993 '
540 1977 726 2050 cultatibus
748 2005 787 2048 ac
809 1977 972 2078 periculis
987 1991 1090 2050 vacat
1109 2019 1283 2072 mmm„

146 2077 328 2150 consilium
340 2077 430 2148 illud
442 2077 537 2188 quod
555 2077 727 2176 suscipitis
740 2127 751 2165 ‚
763 2091 880 2188 neque
892 2077 939 2148 ad
950 2073 1090 2150 facilem
1102 2085 1187 2131 “ffli-

144 2172 206 2250 sel
224 2191 355 2246 certam
371 2175 496 2286 gloriae
517 2191 671 2274 segetem
689 2172 871 2248 advolans.
891 2171 1011 2248 Nostis
1024 2203 1090 2284 vag

147 2271 217 2364 rins
229 2288 265 2342 et
278 2271 443 2369 ancipttes
456 2295 635 2342 armorum
645 2272 772 2362 exitus,
787 2287 824 2344 et
832 2275 949 2344 vestra
961 2273 1091 2344 Martis

149 2368 189 2444 in
219 2367 398 2444 laboribus
420 2369 532 2440 virtus
561 2367 634 2468 jam
660 2369 722 2440 did
750 2369 965 2459 exercitata,
989 2370 1091 2444 sortis

147 2465 399 2566 cujuscumque
421 2465 606 2539 discrimen
622 2467 695 2566 pati
710 2465 844 2538 didicit.
863 2469 916 2538 At
933 2467 1092 2540 nondtlm

149 2566 284 2662 experti
309 2564 412 2655 estis,
440 2564 526 2666 quid
551 2565 597 2636 sit
618 2591 774 2665 pugnare
801 2591 882 2659 etun
904 2563 1064 2638 barbaris
1076 2617 1089 2658 ,

171 2677 187 2732 t
205 2679 338 2762 quanta
353 2690 414 2735 vos
430 2661 556 2762 ignotis
573 2662 611 2732 in
627 2661 827 2762 regionibus
845 2662 1001 2763 pericula
1016 2689 1092 2739 ma-

129 2686 258 2852 deant
277 2789 286 2828 s
304 2776 390 2858 quot
408 2777 510 2872 parta
520 2759 723 2852 laboribus,
743 2763 852 2874 quim
866 2762 978 2836 multe
998 2761 1091 2834 redi-

149 2856 281 2928 menda
303 2883 471 2956 sangutne
493 2857 539 2928 sit
559 2857 622 2930 illa
645 2860 790 2932 victoria
798 2909 814 2944 ,
866 2885 951 2930 uam
972 2859 1114 2942 animo,

152 2951 354 3052 praecipitis.
394 2953 465 3025 Sed
502 2955 591 3055 quid
621 2982 685 3029 eo
727 2955 784 3026 hlc
820 2885 878 3028 vit
918 2955 1092 3054 periculo-

150 3077 232 3124 rum
257 3050 537 3160 magnitudinem
549 3105 561 3142 ,
596 2982 666 3126 vei
680 3049 924 3136 difficultatem
954 3051 1090 3150 operis,

149 3147 209 3220 vel
250 3145 413 3225 latrorum
453 3149 720 3222 multitudinem
759 3149 953 3234 extollam,
995 3148 1092 3222 unde

148 3251 248 3318 tanti>
264 3244 376 3343 major
392 3245 509 3344 glories
520 3263 647 3318 vestrae
662 3247 939 3344 meritorumque
956 3261 1096 3320 vestre·

149 3369 230 3414 rum
241 3369 339 3442 seges
350 3341 526 3442 exsurgit!
544 3342 628 3414 Non
641 3342 705 3412 illa
716 3341 847 3414 caduca
858 3344 916 3416 vel
932 3341 1087 3443 fragilis,

150 3467 217 3512 non
231 3440 345 3512 inanis
362 3457 426 3512 aut
440 3440 617 3539 perintra,
632 3438 774 3540 qualem
787 3437 945 3540 plerique
961 3458 1092 3514 mortn-

151 3535 238 3609 lium
260 3539 442 3629 ambiunt,
469 3537 533 3610 sed
559 3563 663 3630 vera,
685 3537 748 3612 sed
767 3554 886 3631 certa‚·
901 3539 963 3615 sed
979 3539 1091 3612 incor-

150 3650 285 3731 rupta,
325 3654 363 3708 et
394 3635 500 3722 nullis
534 3663 702 3738 unquam
731 3652 929 3742 tempertun
969 3636 1112 3740 spatiis
1150 3715 1155 3722 ,
1260 3633 1264 3652 “

150 3733 409 3808 conscribenda.
489 3813 518 3824 ..
616 3813 621 3822 ,
939 3794 941 3800 ,
975 3761 978 3772 ·
1082 3811 1090 3822 ,
