2766 4412
9 232 22 466 l

6 500 14 728 ι
97 653 106 660 ,

5 745 12 974 Ι

2 1007 10 1239 l

1 1267 10 1524 l

219 191 879 316 '‘tama'a'aaanos.
1013 211 1084 310 329

253 385 258 400 ¹
360 371 877 445 EXERCITATIO.

152 535 285 608 Omtio
300 532 421 636 opud
441 536 618 632 Moysem
636 554 764 607 contra
790 533 1006 621 Ismetitas',
1020 539 1088 636 qui

196 631 359 704 vitulum
401 658 557 704 aureum
591 637 631 704 in
668 633 819 706 Idolum
853 631 1086 735 corssamnt,
1122 667 1125 672 ·

198 748 327 802 contra
346 729 450 802 illud
476 727 707 802 Tabularum
735 733 944 804 Decretum
971 730 1089 804 :Non

198 822 303 922 facies
325 827 391 900 tibi
421 825 590 928 Sculptile
612 844 652 898 ut
670 829 793 902 adores
807 829 912 901 illud.
960 831 964 840 '

466 973 567 1068 Locus
588 1010 606 1066 d
624 977 768 1071 Tabulis.
878 989 880 994 Ι

372 1156 376 1166 ’
440 1155 461 1216 S
482 1155 513 1214 Y
535 1155 568 1214 N
589 1149 618 1216 0
639 1155 664 1214 P
686 1155 706 1214 S
729 1155 745 1213 Ι
766 1153 799 1214 S.

147 1303 274 1371 Emord.
290 1249 354 1367 Ju
365 1323 382 1360 a
392 1321 439 1360 aa
453 1323 494 1360 aa
518 1301 630 1360 Orator
651 1302 794 1384 Moysem
816 1303 988 1363 meminisse
1003 1303 1036 1360 in
1055 1321 1093 1360 eo

149 1407 182 1444 se
201 1384 363 1465 dignitatis
381 1382 477 1466 gradu
498 1385 654 1464 positum,
674 1398 712 1444 ut
729 1406 853 1443 causam
873 1385 936 1442 Dei
958 1383 1094 1442 auctori·

149 1480 214 1526 tate
234 1467 289 1524 sub
302 1479 449 1524 tueretur.
679 1488 681 1491 ·

191 1549 381 1634 Pmpositio.
396 1543 480 1605 Vide
498 1566 569 1626 ergo
585 1567 648 1632 quo
659 1549 763 1605 animo
777 1565 842 1604 esse
858 1543 966 1604 debeas
979 1548 1094 1622 ineos,
1128 1595 1135 1604 .

145 1632 207 1710 'qui
223 1649 377 1688 sacrarum
392 1625 584 1688 Tabularum
602 1630 815 1698 auctoritatem
828 1649 887 1686 suo
900 1625 1011 1686 seelera
1025 1629 1094 1686 vio·
1177 1662 1188 1689 ι

223 1729 258 1768 ru
283 1724 307 1768 t.

150 1709 407 1874 lugerdlirmatio.
426 1791 594 1852 Prmmittet
613 1792 646 1852 id
663 1792 747 1873 quod
762 1806 807 1852 est
829 1793 974 1872 scriptum
988 1791 1021 1848 in
1032 1789 1096 1848 Ta·
1156 1821 1157 1832 κ

151 1873 255 1949 bulis,
267 1889 298 1935 ct
308 1873 499 1934 Tabularum
516 1877 730 1935 auctoritatem
745 1871 954 1955 amplificabit.
980 1875 1024 1932 1⁰.
1037 1871 1098 1931 Par

152 1957 359 2038 Negationem
371 1955 411 2016 ad
430 1954 604 2036 exemplum
622 1955 799 2032 Ciceronis,
822 1979 883 2016 non
898 1953 993 2018 r'eoito
1007 1952 1097 2013 vobis

110 2045 113 2052 '
154 2038 307 2099 decretum
326 2038 460 2098 humana
477 2059 551 2097 voce
573 2039 745 2114 sancitum,
771 2059 834 2096 non
857 2035 960 2118 fragili
979 2024 1096 2095 calamo

155 2134 333 2198 exaratum,
349 2142 413 2180 non
428 2119 525 2202 legem
548 2141 615 2204 quaa
633 2121 747 2180 mutari
768 2121 866 2202 possit
884 2119 1043 2198 hominum
1058 2117 1098 2180 ad

158 2201 342 2278 arbitrium,
361 2203 431 2280 s'sd,
446 2215 504 2262 etc.

198 2285 245 2342 2⁰.
266 2283 323 2342 Per
343 2282 629 2367 Frequentationem
640 2284 902 2364 Consequentium
913 2279 1097 2361 dicet,nul·

154 2363 222 2444 lum
238 2365 303 2426 sore
321 2369 371 2448 jus
391 2379 454 2424 tam
474 2378 633 2445 sanctum,
656 2366 740 2448 quod
759 2366 894 2424 humana
916 2367 1099 2446 perversitas

116 2497 119 2502 Δ
155 2469 218 2506 non
236 2445 352 2524 violet,
368 2449 394 2506 si
412 2445 525 2507 divinoe
542 2447 621 2532 leges
641 2449 767 2530 impune
777 2447 993 2529 infringantur.
1011 2445 1099 2526 Quos

155 2529 284 2589 habebis
304 2530 362 2588 tibi
382 2529 607 2613 obsequentes,
624 2535 651 2592 si
665 2531 835 2612 impunitos
855 2527 1027 2610 relinquis,
1043 2531 1099 2612 qui

155 2609 225 2670 Deo
242 2611 425 2694 obsequium
439 2609 612 2696 negavatel
1064 2613 1067 2620 ’

152 2719 155 2726 ⁴
198 2693 342 2774 Denique
366 2695 576 2756 Peroratioais
597 2693 687 2770 loco,
710 2697 824 2776 potata
844 2693 975 2775 Moyse,
994 2703 1030 2751 ut
1049 2689 1099 2750 val

158 2773 303 2915 {apulum
329 2774 464 2854 plectat,
487 2773 537 2836 vel
558 2775 697 2838 Tabulas
717 2791 852 2860 proterat
877 2791 910 2838 at
929 2772 1097 2838 conculcet.

161 2865 163 2867 ’
193 2853 277 2914 idest
291 2868 395 2916 utrum
411 2872 542 2940 praestet.

492 3027 765 3076 ostano.

210 3159 303 3244 Cum·
317 3159 519 3232 intellexisti
535 3163 618 3234 satis
628 3161 776 3232 adhunc
787 3185 900 3258 usque
913 3159 1008 3228 diem
1022 3207 1033 3247 ,
1049 3151 1117 3230 vii·⁸

160 3257 437 3357 sapientissime,
467 3285 536 3356 quo
565 3276 599 3329 te
621 3259 762 3328 consilio
786 3257 831 3327 ad
858 3283 967 3344 eum,
996 3281 1103 3356 quem

160 3372 259 3426 tenes
273 3407 283 3444 ,
303 3355 483 3455 dignitatis
496 3357 629 3452 apicem
638 3351 881 3450 omnipotentis
893 3353 963 3423 Dei
977 3381 1104 3448 manus

164 3453 344 3544 evexerit,
374 3457 449 3524 nim
477 3453 569 3524 cette
597 3450 774 3522 hodiernae
807 3476 918 3520 causa}
950 3451 1103 3550 gravitas

165 3575 204 3618 ac
226 3551 430 3651 magnitudo
449 3549 625 3650 postulat,
649 3565 689 3618 ut
707 3547 919 3620 auctoritatis
937 3565 1008 3620 tuae
1031 3548 1104 3620 vim

165 3673 316 3738 omnem,
329 3675 369 3720 ac
395 3647 502 3720 robur
527 3645 644 3718 coeteri
669 3673 788 3716 omnes
814 3645 1037 3744 intelligant,
1067 3662 1104 3716 et

166 3771 229 3844 eo,
256 3771 326 3854 quo
346 3773 410 3850 par
431 3762 509 3838 est,
530 3745 634 3817 modo
661 3743 794 3818 discant
813 3746 979 3816 revereri.
1006 3743 1104 3820 Nam
