2756 4414
302 203 378 297 ’464
512 224 996 277 ,surrentum-

302 341 420 396 centes
459 321 539 394 ueri
554 322 783 396 memoranti
800 323 960 396 Proferot
970 327 1161 399 Accusator
1170 322 1249 396 eul-
1340 319 1344 341 ⁴

301 449 386 522 pam
406 350 588 520 aliqum,
616 421 804 522 vestigium
818 438 883 494 aut
903 421 1069 495 umbram
1085 422 1246 515 sceleris,

302 519 365 594 cui
372 514 495 590 affines
511 518 639 592 merito
652 519 765 592 videri
780 520 931 619 possint:
945 520 1245 619 Conjuravemnt,

301 617 430 706 credo,
455 615 495 686 in
523 615 703 714 patriaml
733 615 951 695 clandestina
979 645 1060 710 eum
1081 615 1248 700 ¹hostibus

254 746 256 753 ⁴
302 714 456 785 inierant
483 713 651 784 oonsilio?
679 713 882 812 perniciem*
897 712 1005 814 hujus
1028 715 1126 787 urbis
1151 711 1250 786 nela-
1275 731 1281 753 ⁶

183 869 186 874 .
303 811 355 882 rie
385 809 650 888 moliebantur?
686 813 808 904 Qudm
836 811 903 884 hoo
925 840 997 886 non
1021 811 1188 904 credibile
1208 813 1249 882 in

302 909 422 1008 pueris
432 962 447 995 ,
478 913 652 1020 quantdm
685 909 739 991 ab,
757 908 863 1008 hujus
897 911 1011 982 aetatis
1041 909 1184 1002 indole,
1211 925 1250 980 et

303 1005 439 1078 viribus
466 1007 641 1104 ejusmodi
667 1005 779 1078 scelus
807 1006 997 1080 abhorret!
1024 1009 1165 1080 Tamen
1193 1003 1253 1080 fae

304 1129 362 1174 eos
383 1103 589 1201 proditionis
610 1131 687 1179 reos
713 1131 801 1174 esse.
823 1101 992 1176 Nihilne
1014 1107 1162 1205 amiqua
1209 1129 1251 1176 e·

303 1200 397 1272 neris
428 1200 617 1293 nobilitas,
647 1200 738 1272 nihil
764 1198 906 1275 familiae
938 1201 1128 1302 splendor,
1156 1131 1251 1275 nisit

304 1299 468 1381 continua
490 1298 669 1398 Majorum
695 1297 786 1372 banc
806 1300 846 1371 in
872 1299 1142 1398 Rernpublioam
1167 1325 1249 1370 me·

304 1399 399 1487 rita,
420 1396 511 1469 nihil
532 1398 642 1495 patris
665 1398 863 1469 reverentia
874 1449 886 1488 ,
908 1477 911 1488 ¹
937 1424 1021 1468 uem
1036 1397 1156 1497 populi
1174 1393 1255 1468 sula

304 1493 417 1596 fragia
448 1493 556 1593 hujus
585 1495 731 1566 urbis'c
777 1493 819 1566 ''s'
843 1424 1098 1594 praeleoerant,
1122 1494 1151 1566 si
1177 1521 1251 1565 non

223 1645 250 1672 ,.
304 1593 352 1664 ad
375 1592 545 1684 venia'm,
576 1592 704 1671 saltem
726 1620 747 1664 a
803 1593 1165 1680 commiserationem,
1191 1590 1252 1665 vel

304 1715 421 1836 poene?
447 1707 768 1791 temperamentum
789 1691 934 1790 aliquod
957 1691 1121 1790 prodesse
1144 1706 1250 1788 pote·

237 1843 240 1854 2
303 1804 409 1858 rant.
848 1829 850 1832 ·

353 1886 502 1958 Atenim
523 1886 626 1958 video
652 1886 740 1988 quid
763 1886 814 1958 ini
840 1913 907 1958 uus
933 1902 1112 1958 accusator
1127 1886 1254 1958 volue-

304 1983 381 2074 rit,
405 1999 442 2055 et
461 1989 533 2082 qud
557 1985 602 2053 sit
622 2011 749 2053 usurus
777 1914 1252 2067 delensione.,Liberos,for-

194 2155 196 2160 ,
302 2083 397 2152 tassd
417 2106 513 2151 meos
534 2080 736 2156 innocentes
757 2105 829 2149 non
854 2078 1000 2180 negabit
1015 2107 1027 2172 3
1042 2096 1081 2151 at
1097 2079 1252 2163 mulcta-

301 2191 381 2248 tum
405 2173 511 2249 luisse
527 2175 568 2245 in
583 2175 700 2248 sobole
739 2193 899 2248 arentem
907 2175 1112 2248 ‘contendet
1127 2177 1251 2269 Quam

301 2273 448 2345 tandem
467 2274 513 2344 ob
533 2299 675 2344 causam
690 2203 888 2364 ,ludices‘l
908 2273 1005 2374 quod
1022 2276 1166 2347 tandem
1179 2303 1251 2348 sce·

301 2369 358 2444 lus
370 2421 382 2463 ,
396 2371 492 2472 quod
509 2369 636 2449 admisi
647 2366 782 2441 facinus
799 2387 875 2442 tam
890 2372 1130 2473 inexpiabile,
1149 2390 1190 2444 ut
1196 2374 1250 2448 ,il-

300 2467 367 2542 lud
388 2467 479 2540 mihi
494 2467 623 2568 triplici
645 2483 759 2540 morte
780 2468 953 2542 luendum
975 2467 1044 2540 siti
1068 2472 1129 2540 An
1153 2471 1250 2570 quod

255 2607 257 2610 ·
302 2568 420 2654 vitam,
432 2567 471 2636 in
493 2583 656 2664 apertum
675 2565 864 2638 discrimen
880 2566 1110 2656 adduxerim,
1129 2583 1171 2638 ut
1193 2595 1252 2640 sa·

244 2669 247 2676 '
300 2663 370 2734 luti
398 2667 524 2734 vestrae
558 2663 803 2750 consulerem?
824 2664 920 2762 qubd
941 2661 1132 2762 deploratae
1155 2663 1246 2736 sivi-

253 2789 258 2815 ··
296 2761 369 2834 tati
382 2761 642 2832 succmreriml
661 2761 757 2860 quod
775 2759 995 2830 miscendum
1012 2787 1094 2832 cum
1113 2760 1248 2836 virtute

301 2857 448 2949 dolum,
466 2856 530 2929 ubi
554 2858 667 2931 virtus
688 2858 759 2928 sola
779 2855 869 2928 nibil
888 2875 1032 2956 posset,
1058 2859 1243 2932 existima·
1365 2875 1370 2892 ³

297 2955 441 3030 ‚verimi
479 2957 576 3057 quod
611 2955 757 3028 exierim
786 2982 831 3028 ex
854 2953 921 3026 hac
947 2958 1064 3047 urbe,
1090 2959 1244 3030 exeundi

195 3055 196 3058 '
301 3061 545 3127 vero-causam
561 3053 731 3125 tacuerim
746 3069 783 3124 et
796 3051 1003 3148 eonsiliuml
1026 3053 1129 3126 Nildl
1145 3085 1164 3127 e
1190 3057 1245 3128 ui·

302 3151 385 3224 dem
408 3152 533 3244 video,
555 3150 718 3241 ludices,
747 3151 841 3221 uod
861 3149 919 3222 vel
939 3153 979 3222 in
1000 3151 1074 3234 vitd
1085 3205 1096 3243 ,
1127 3081 1189 3226 vel
1203 3153 1242 3226 in

300 3248 409 3322 rebus
443 3250 548 3350 gestis
584 3265 659 3320 tam
688 3177 822 3320 crudeli
852 3253 960 3349 poend
996 3249 1143 3362 dignum
1179 3251 1239 3322 sit·

253 3379 258 3394 *
296 3350 511 3434 Extremum
525 3346 608 3418 huic
629 3346 712 3418 urbi
730 3346 942 3418 imminebat
957 3347 1103 3420 exitium
1118 3377 1127 3416 ε
1142 3375 1243 3418 arer-

300 3447 450 3518 tendum
478 3463 577 3538 erat,
607 3445 733 3517 averti.
762 3445 818 3519 Re
844 3446 1025 3517 rimendus
1050 3461 1126 3516 erat
1155 3443 1239 3517 hos·

300 3545 392 3618 tium
414 3544 464 3616 im
490 3561 591 3634 etus,
619 3543 783 3643 repressi.
878 3542 1034 3710 putanda
1056 3540 1150 3614 ferro
1164 3571 1243 3656 'pu-

175 3673 177 3684 ⁴
301 3641 437 3714 blioac
473 3642 620 3731 amitas,
656 3642 851 3740 amputavi.
903 3639 1060 3710 ilendum
1079 3640 1241 3740 inprimis

302 3757 401 3832 erat,
418 3767 487 3832 ne,
503 3739 532 3812 si
540 3738 745 3838 vulgaretur
754 3738 937 3812 consilium
943 3789 955 3830 ,
970 3737 1070 3812 exitu
1086 3755 1240 3830 careret,
