2736 4414
319 203 401 296 ‚⁴586
531 181 1042 306 ἰιιιιιτθιιῑῦιιΙ

251 409 254 414 ,
323 343 409 400 tem.
432 324 560 424 Neque
577 329 661 396 verb
683 326 720 396 in
741 337 838 396 tanto
863 352 1042 397 armorum
1065 351 1087 398 u
1111 329 1285 426 paratu&

281 431 288 438 '
322 421 603 523 populorumque
618 423 898 494 concurrentium
914 424 1056 496 aestibus
1098 425 1186 496 eerit
1205 425 1275 496 in-

323 547 409 619 gens
425 519 477 591 rei
490 519 581 600 bene
597 521 759 620 gerendae
772 520 866 596 locus
875 551 887 613 3
910 519 990 614 'uo,
1012 522 1101 594 nihil
1119 551 1182 624 ego
1198 550 1279 594 ve·-

323 644 404 689 reor
412 669 428 703 ,
445 633 486 688 ut
498 617 645 689 viriliter
654 617 785 708 utaris,
801 619 829 688 si
841 549 945 696 modb
957 617 1094 692 felicem
1109 621 1274 694 exomni

322 731 423 812 parte
439 715 575 786 exitum
591 713 679 796 mibi
698 717 869 815 spondere
890 717 1012 790 liceat..
1024 719 1076 792 At
1094 717 1188 790 nosti
1205 745 1275 788 ar-

291 875 298 892 „
321 839 462 884 morum
486 814 651 912 ancipites
668 841 767 886 casus
783 843 791 887 ε
809 813 873 892 scis
897 842 972 886 rem
990 815 1057 908 tibi
1072 812 1145 886 fore
1169 843 1276 890 sem-

319 934 386 1008 per
401 937 482 980 cum
493 916 606 1002 caecb,
621 911 806 992 temerari&
821 928 857 982 et
871 912 1034 990 insolenti
1050 915 1165 1003 soi-te,
1180 940 1273 1012 quae

320 1007 491 1106 superbos
500 1009 607 1079 etiam
616 1007 1285 1107 triumphosverterel'uneribusamut3.

321 1132 432 1203 quam
444 1105 627 1198 nobilitas,
642 1106 801 1198 animus,
823 1107 934 1179 virtus
946 1107 1022 1206 ipso
1038 1136 1108 1178 non
1122 1125 1243 1180 movet
1254 1135 1282 1198 3.

320 1202 421 1301 cujus
442 1203 686 1284 austeritatem
708 1205 805 1276 nulla
832 1205 1022 1277 amicornm
1039 1222 1142 1300 vota,
1155 1205 1275 1276 nullae

311 1327 449 1399 preces.
467 1292 662 1380 inflectant.
689 1301 796 1373 Proin
822 1303 894 1372 noli
916 1320 986 1383 tuae
1008 1321 1043 1376 te
1071 1303 1192 1378 virtuti
1213 1302 1275 1380 sie

347 1399 548 1490 emittere,
566 1417 608 1472 ut
628 1401 824 1474 cavendum
842 1401 908 1476 tibi
922 1429 992 1478 non
1005 1417 1131 1501 putes,
1154 1415 1190 1470 et
1202 1427 1273 1471 ar-

319 1425 442 1566 dorem
458 1497 585 1589 anirni,
604 1525 674 1597 quo
687 1495 836 1598 flagras,
855 1499 1040 1598 sagacitate
1057 1516 1163 1598 atque
1176 1525 1274 1596 prus-

318 1593 443 1666 dentib
468 1623 539 1668 non
565 1596 846 1694 temperandum.
880 1595 1086 1670 Memineris
1106 1595 1273 1666 nondum

318 1716 395 1772 esse
412 1709 448 1763 te
465 1691 551 1788 juris
572 1694 626 1764 tui
649 1694 787 1791 penitus
804 1721 816 1783 3
841 1694 902 1764 sed
923 1693 1161 1806 praestandum
1189 1717 1275 1764 esse

317 1789 767 1866 tesolvumetincolumem
778 1789 1276 1888 nobilissnnaefamiliae,quae

317 1909 400 1966 suas
421 1885 511 1958 inte
539 1915 616 1985 spes
636 1887 767 1978 habet,
793 1890 1044 2000 qumpen'tora
1063 1905 1175 1956 tecum
1197 1887 1275 1974 sit,

317 1982 386 2082 nisi
402 1984 501 2062 illam
518 1986 663 2056 suscites
682 2013 722 2056 ac
738 1984 871 2054 lirlcms.
892 1979 1027 2050 Vitbbis
1046 1981 1156 2078 igitur
1165 1979 1279 2052 istud

314 2078 556 2149 discriminum
572 2101 702 2175 genus,
724 2075 820 2188 quod
836 2075 1024 2146 inconsulti
1040 2075 1061 2146 J
1064 2103 1196 2148 uvenes
1214 2077 1279 2152 la-

200 2233 214 2253 ,
314 2189 455 2244 cessunt
476 2173 689 2284 plerumque
720 2199 794 2241 sine
821 2172 995 2270 imperio,
1026 2172 1099 2244 sine
1123 2169 1273 2266 fructu,

315 2269 393 2340 sine
407 2269 517 2368 glorio
532 2297 541 2338 r
563 2269 601 2338 in
617 2267 769 2367 quibus,
784 2267 841 2338 vel
855 2269 940 2338 dum
953 2287 1103 2368 pereunt
1112 2267 1271 2363 fortiter,

317 2395 423 2438 nemo
441 2383 516 2458 est,
540 2366 604 2466 qui
620 2365 898 2464 imprudentiam
920 2395 990 2436 non
1015 2395 1055 2446 ar
1079 2385 1157 2459 unt,
1172 2369 1273 2439 stul·-

318 2464 436 2536 titium
460 2493 529 2536 non
552 2469 712 2554 siccuset,
737 2464 868 2534 nedlun
901 2395 1133 2536 extollendam
1162 2464 1272 2535 forti-

318 2563 499 2654 tudinem,
521 2578 557 2631 et
573 2561 743 2640 invictum
754 2562 862 2632 animi
874 2561 982 2632 robur
994 2562 1272 2642 collaudandum

316 2659 521 2735 arbitretur.
537 2659 624 2727 Haec
638 2675 673 2728 te
692 2668 881 2736 retractare
898 2675 1012 2727 tecum
1031 2659 1154 2748 velim,
1174 2655 1270 2732 duni
1314 2709 1320 2726 .

318 2756 386 2826 erit
411 2784 430 2824 o
455 2747 519 2844 us,
542 2753 636 2823 unde
663 2755 912 2824 documentum
932 2755 1074 2852 capias,
1096 2755 1191 2854 quod
1218 2783 1270 2828 ex

317 2881 387 2924 usu
403 2783 545 2923 silisis.
566 2851 712 2921 Interim
726 2877 788 2950 ego
805 2877 876 2921 non
896 2850 1037 2925 cessabo
1051 2881 1114 2951 pro
1132 2869 1166 2922 te
1180 2870 1268 2937 voto

321 2949 436 3022 lucere
446 2979 458 3043 3
476 2977 516 3020 ac
534 2948 562 3020 si
581 2948 668 3048 quid
678 2965 805 3030 nostroe
814 2948 984 3019 valebunt
1001 2951 1094 3048 apud
1111 2949 1268 3062 Superos

345 3075 455 3139 renes,
474 3045 605 3118 redibis
623 3048 667 3118 ad
685 3075 747 3116 nos
760 3047 876 3120 sulvus
892 3075 931 3117 ac
947 3075 1076 3145 sospes,
1091 3052 1128 3119 et
1139 3074 1264 3146 singu?

317 3075 387 3216 lari
404 3145 531 3246 gaudio
553 3145 703 3217 amicum
718 3145 811 3214 inter
834 3170 962 3243 paucus
982 3146 1036 3226 tui
1052 3144 1267 3248 studiosior,

320 3270 421 3326 mum
446 3242 653 3318 cumnabis.
672 3241 762 3316 Vale
777 3259 814 3312 et
828 3241 924 3322 sive

686 3555 903 3586 mm
