2736 4414
337 237 512 287 cren
561 236 821 286 renerus,
992 213 1066 286 565

127 363 273 411 morem.
294 339 445 410 Memini
470 339 554 409 sane
578 336 862 408 commendatum
879 331 944 405 tibi
970 337 1065 410 dme

128 433 192 508 dili
217 453 333 528 enter,
349 440 430 506 cum
443 452 478 506 te
491 435 678 509 Musarum
697 433 734 504 in
745 431 965 532 disciplinam
977 433 1067 504 eduss

129 464 282 605 eandum
297 534 490 624 traderem,
505 549 546 603 ut
558 532 713 632 leporem
728 529 944 618 indicendo,
957 533 1066 695 pudor

175 658 246 703 sses
272 630 576 722 venustissimum,
603 643 851 700 consectarere.
880 625 965 698 Nih'
1009 653 1067 698 me

128 655 212 798 idid
236 727 405 827 poenitet3
424 729 496 799 imo
512 727 669 799 studium
695 726 734 795 in
756 727 799 795 eal
813 751 851 794 re
872 740 975 795 tuum
997 749 1068 796 non

129 823 289 914 cessabo,
305 829 479 926 quantdm
496 825 535 894 in
548 854 605 896 me
622 823 713 914 erit,
737 822 966 893 vehementer
978 819 1067 891 inci-

129 937 218 992 tare.
238 921 367 1022 Neque
388 929 471 994 vero
491 949 548 992 me
574 920 611 992 fu
635 921 664 992 it
687 919 804 992 valere
826 919 872 991 ad
892 946 972 990 eam
989 944 1066 988 rem

128 1019 322 1116 plurimum
331 1017 550 1120 frequentem
561 1020 599 1090 in
612 949 759 1090 dicendo
767 1015 1064 1105 exercitationem,

128 1132 166 1188 et
178 1115 271 1189 inter
289 1115 442 1217 reliquas
452 1170 463 1208 ,
480 1117 578 1188 illam
589 1116 694 1214 vulgo
710 1113 967 1204 commendari,
1010 1139 1067 1184 ute

126 1213 166 1284 in
182 1213 381 1314 Tragoediis
401 1213 563 1286 adhiberi
586 1213 684 1286 solet.
721 1212 879 1286 Videbor
900 1211 966 1282 tibi
986 1139 1064 1281 ior-

126 1313 220 1381 tasse
228 1313 416 1412 plusaequo
427 1311 573 1384 timidus
581 1329 694 1412 pater,
706 1327 869 1382 etcontra
877 1325 1066 1410 parentum

128 1407 283 1480 indolem
295 1407 346 1480 ¹de
360 1407 432 1479 lilio
449 1437 517 1480 non
538 1411 619 1480 setis
636 1409 814 1478 commode
833 1423 1064 1508 augurantem
1125 1437 1128 1444 ¹

124 1505 304 1578 accusabis
312 1559 329 1598 ,.
343 1507 371 1577 si
388 1524 423 1577 'ee
442 1507 611 1578 audacem
629 1506 845 1604 plusculum,
868 1522 905 1575 et
921 1505 965 1575 de
978 1503 1064 1574 viri-
1174 1497 1177 1505 ¹

127 1600 194 1675 bus
225 1603 297 1674 tuis
317 1621 587 1702 praesumentem
613 1602 843 1676 confidentius
874 1601 1062 1702 arguerim.

3 1745 8 1755 ι
125 1699 302 1868 Μαῗίηιηι
315 1701 485 1802 quiddam
502 1719 555 1773 est
561 1755 572 1793 ,
586 1701 672 1792 Fili,
689 1702 784 1801 quod
795 1719 917 1772 vereor
928 1698 1011 1770 satis
1024 1712 1067 1768 ut

126 1795 200 1867 inte
229 1799 360 1888 exeris,
375 1823 492 1870 coram
508 1816 582 1870 tam
606 1798 736 1870 celebri
757 1815 851 1870 coetu
880 1821 1065 1896 personam
1159 1797 1161 1804 ’

66 1951 72 1962 ,
126 1894 221 1964 tueri
236 1896 393 1994 regiam,
416 1913 452 1968 et
468 1894 658 1968 confertam
675 1913 728 1967 ex·
739 1895 834 1968 omni
850 1899 977 1994 genere
997 1892 1062 1962 lto-

123 1991 264 2062 -minum
280 1991 545 2063 multitudinem
554 2009 676 2064 tenere
691 1993 837 2064 dicendo
873 2017 961 2063 osse.
984 1990 1064 2088 Ipsa

152 2087 357 2157 uantumrie
370 2088 519 2160 bellasit
532 2091 639 2180 actio,
688 2087 743 2159 uie
761 2019 965 2178 exhilietur,
980 2111 1065 2158 nam

124 2113 229 2255 limile
241 2181 306 2254 tibi
318 2185 486 2255 assentior
501 2184 585 2256 dum
601 2115 723 2257 scriitis'
740 2183 812 2257 fore
834 2185 933 2257 illam
946 2181 1064 2254 bellis-

115 2279 275 2371 ·simam;
300 2282 550 2378 quantumvis,
576 2282 744 2380 inquam,
769 2281 859 2350 actio
880 2283 942 2350 illa
970 2280 1065 2349 bella

126 2371 316 2468 futurasit,
337 2381 463 2477 partlm
478 2378 641 2468 interest,
654 2376 864 2466 mihicrede,
882 2376 1065 2476 nisiparin

49 2507 50 2517 ¹
128 2474 319 2547 Actoribus
341 2491 507 2546 venustas
535 2475 755 2574 respondeat.
767 2473 889 2544 Habes
899 2473 1066 2574 equidem

125 2572 165 2643 in
178 2571 297 2664 sociis,
316 2572 379 2672 qui
393 2572 580 2671 posteriore
597 2597 688 2644 anno
703 2599 782 2642 suas
800 2571 838 2642 in
854 2571 976 2642 eodem
991 2570 1065 2641 loco

27 2747 30 2760 ¹
115 2697 228 2780 ‚egere
244 2685 385 2769 partes,
405 2697 574 2771 magnum
594 2669 797 2769 exemplum
805 2667 937 2768 pariter
955 2684 991 2738 et
1006 2667 1064 2738 inr-

50 2849 53 2858 .
126 2783 379 2855 ortamentum3·
389 2785 426 2837 et
441 2775 511 2866 qud
523 2765 690 2840 feliciores
701 2767 816 2837 exitus
831 2765 1007 2855 habuere,
1022 2770 1069 2836 eo

126 2885 254 2938 vereor'
271 2864 406 2962 magis,
423 2881 464 2934 ut
484 2866 681 2935 ad‘tantam
705 2862 847 2932 laudem
865 2863 1062 2960 pervenias.

116 2955 612 3071 ,Tamenvincisetexpugnas
649 2957 856 3050 utrem,Fili
866 2958 1062 3050 carissime,

125 3057 213 3132 dom
233 3081 333 3155 spem
355 3055 535 3127 obtinendr
550 3057 587 3127 in
640 3058 767 3128 heatro
778 3056 912 3157 praemii
927 3081 997 3126 non
1008 3055 1063 3127 le-

117 3181 207 3226 -vem
223 3175 354 3227 moves.
370 3155 418 3225 'Id
435 3181 498 3266 ego
512 3153 806 3226 tclrtd'lubentids
829 3153 1004 3244 adducar,
1023 3169 1066 3224 ut

125 3251 292 3342 credam,
315 3253 411 3351 quod
424 3279 491 3323 soto
514 3251 552 3322 in
568 3269 603 3323 te
621 3281 692 3324 uno
710 3280 785 3324 esse
802 3251 975 3352 positum,
1000 3277 1065 3322 nec

126 3348 301 3447 percitum
312 3347 391 3420 irial
412 3365 447 3420 te
470 3348 670 3441 laboribus,
684 3366 727 3421 ut
746 3349 811 3421 hoc
828 3349 1066 3421 amantissimo

126 3446 218 3546 patri
257 3446 455 3518 solatiolum
487 3447 679 3546 impertias.
724 3449 844 3540 Quare
883 3447 971 3519 bono
993 3463 1066 3518 asto

128 3543 271 3636 animo,
288 3543 354 3619 hoc
372 3545 403 3615 si
421 3541 564 3651 iecoris,
579 3561 620 3617 ut
632 3539 761 3618 uideris
775 3544 949 3644 polliceri,
961 3543 1066 3616 *nulla
1163 3537 1165 3552 ’

127 3638 168 3708 in
179 3667 236 3712 me
252 3669 351 3714 mora
368 3659 442 3735 eet,
462 3643 549 3743 quin
564 3644 735 3715 Actorum
749 3644 787 3714 in
802 3642 947 3734 album,
963 3661 1066 3728 tuum

127 3763 284 3830 nomen,
301 3767 382 3814 cum
410 3741 504 3814 uoles
516 3795 532 3836 ,
554 3738 739 3825 referatur,
759 3741 894 3839 Neque
916 3756 960 3814 tu
982 3745 1066 3814 vero

734 3902 878 3946 ss
