2756 4414
345 245 521 294 nrnsn
568 235 882 294 secunncsl
1001 213 1075 322 v437

6 389 7 392 =
132 367 264 443 grave,
299 345 394 444 quod
425 345 493 415 nisi
521 345 739 444 proditorum
771 371 810 440 ac
840 333 1076 444 perduellium

11 489 16 494 -
135 441 304 538 supplicio
317 507 321 518 ,
334 442 466 541 expiari
496 469 567 513 non
595 442 729 587 possiti
763 442 824 512 An
852 469 1012 514 accensas
1037 445 1076 514 in

132 537 271 610 Urbem
291 535 384 611 laces
399 539 607 612 intulimus.
635 565 681 610 an
703 539 834 611 civium
856 555 1076 640 quemquam
1165 567 1169 576 ’

132 633 392 746 designavimus
421 637 467 709 ad
492 635 648 710 caedeml
677 663 723 708 sn
745 637 893 750 prodere
922 637 1077 736 patriam

132 729 320 804 bosnbusl
344 761 391 806 an
407 735 622 806 clandestina
640 761 727 805 cum
742 734 786 805 sis
802 733 893 804 inire
911 733 1075 825 consilia,

133 845 197 902 eut
220 831 415 976 puidquam
434 833 554 904 amicae
577 831 750 904 libertatis
768 831 806 902 in
825 830 1078 930 jura'tentavi·

134 951 235 998 mus.
254 929 325 1000 Vos
342 931 405 1042 qui
418 931 530 1004 cordis
540 929 695 1002 humani
713 929 865 1000 latebras
882 944 919 999 et
935 951 1078 1000 arcanos
1108 978 1111 987 .

134 1025 232 1096 sinus
248 1025 440 1126 inspic1tis,
460 1027 523 1099 Dii
540 1027 776 1118 immortales,
794 1026 922 1117 nostis,
943 1027 971 1098 si
989 1025 1079 1127 quid
1157 1059 1161 1070 ·

131 1120 180 1190 sit
195 1121 387 1234 ejusmodi,
405 1125 503 1237 quod·-
511 1125 647 1196 miseris
659 1123 938 1197 adolescentibus
950 1139 1079 1224 expro²
1126 1164 1129 1169 ·

134 1216 230 1290 bran
244 1219 322 1319 jure
343 1239 469 1294 meritc
533 1222 621 1294 ssitl
961 1267 966 1276 ·
1003 1237 1024 1251 '‘

181 1317 254 1388 Vos
263 1318 331 1416 ipsi
344 1319 443 1390 nobis
454 1250 574 1392 αὲοῗιῑε
586 1335 716 1410 testes,
730 1320 851 1392 Patres
865 1318 1077 1418 Conscripti,

132 1415 243 1512 qudm
255 1415 482 1488 immunem&
496 1415 749 1530 flagitiovitam
759 1415 933 1518 egerimus
944 1421 1080 1584 pqpedm

132 1527 294 1609 expertes
309 1514 448 1586 sceleris
469 1513 526 1586 vel
538 1542 577 1588 m
594 1515 660 1585 hac
680 1517 787 1586 causl
802 1513 925 1585 haberi
944 1515 988 1586 de
1034 1541 1077 1586 a·

132 1633 226 1677 mus.
244 1609 326 1682 Nisi
341 1608 430 1684 forte
441 1613 573 1686 crimen
588 1612 677 1684 illud
693 1629 768 1704 est,
788 1614 884 1712 quod
900 1613 1077 1703 amicum,

131 1706 230 1806 quod
241 1703 403 1802 affinem,
419 1711 515 1822 quod
526 1711 664 1810 Regem
675 1725 834 1782 nostrum
847 1709 973 1782 restris
987 1709 1080 1824 ipsc·

131 1829 213 1874 rum
233 1802 407 1907 suffragiis
427 1835 465 1879 ιιι
482 1807 567 1880 solio
589 1809 842 1898 constitutum,
864 1822 901 1877 et
921 1833 985 1904 per
1003 1807 1080 1878 mi-

131 1927 241 2000 quam
261 1905 418 2001 parentis
434 1903 695 1976 aemulationem
714 1905 893 2004 privatum
909 1930 1018 2016 regno
1035 1931 1078 1975 ac

131 1999 267 2096 patrii,
290 2002 459 2074 consolari
469 2029 684 2103 parumper,
705 2019 743 2073 et
754 2029 815 2102 spe
828 2001 982 2073 melioris
1001 1997 1077 2072 for-

132 2112 229 2166 tunae
257 2097 426 2171 miserum
442 2100 608 2172 suscitare
625 2098 875 2172 voluerimus'l·
886 2099 964 2170 Hoc
986 2097 1081 2170 illud

130 2191 310 2290 piacidum
332 2211 406 2287 est,
431 2197 551 2268 Patres
570 2197 791 2296 Conscripti,
816 2213 958 2295 proptec
980 2196 1103 2296 quod·

131 2289 226 2360 mitis
247 2306 284 2360 et
306 2291 483 2363 humanus
509 2293 643 2364 Consul
662 2295 754 2366 cives
773 2293 992 2382 immeritos,
1012 2319 1078 2363 cu-

156 2385 332 2459 idissimus
365 2388 517 2490 geminas
553 2389 679 2460 sobolis
716 2415 843 2488 parens
872 2389 1079 2461 innocentes

130 2413 219 2556 Elios
245 2501 377 2557 mactat
400 2487 590 2586 deperdit.
614 2487 692 2558 Hsc
716 2502 922 2586 provocatus
942 2485 1079 2584 injurii

130 2582 248 2654 Judex
259 2584 528 2685 integerrimus,
543 2583 625 2683 jura
636 2600 773 2655 naturae
789 2583 908 2656 omt'a
919 2579 1076 2682 perfrin-

130 2705 212 2778 gere
225 2705 295 2751 non
308 2682 460 2754 dubitat.
479 2683 558 2754 Hac
574 2681 688 2782 specie
702 2679 863 2773 sceleris,
881 2679 947 2750 hoc
962 2679 1077 2753 colore

155 2791 314 2868 retento,
323 2779 509 2875 pulchrum
523 2797 577 2852 est
587 2779 810 2878 majestatem
816 2777 967 2850 consulis
978 2803 1078 2868 acer·

130 2802 276 2943 bissimd
303 2879 446 2974 tyranni
471 2877 663 2968 violentid,
697 2901 854 2948 amorem
885 2890 1077 2986 paternum

26 2987 28 2992 ’
130 2967 301 3044 omnificis
320 2972 549 3068 crudelitate,
575 2972 728 3045 hominis
748 2972 1007 3078 humanitatem
1023 2967 1076 3042 fe-

130 3093 252 3140 rarum
269 3069 405 3140 saevitit
430 3070 654 3142 dedecorare.
814 3137 820 3152 ,

181 3165 321 3237 Scilicet
335 3193 405 3237 non
422 3167 683 3258 dubitantius,
705 3169 734 3238 si
752 3166 908 3267 proprios
928 3165 967 3236 in
983 3160 1074 3235 filios

26 3302 30 3308 ·
130 3265 302 3354 saeviiset,
316 3265 404 3363 quin
413 3281 538 3336 caetera
550 3291 782 3366 quoecumque
795 3289 908 3360 nuper
915 3261 1076 3362 designa-

130 3361 183 3434 vit
199 3387 272 3432 suae
293 3359 480 3434 ferocitatis
506 3376 735 3432 monumenta
759 3359 858 3432 vobis
903 3359 1072 3432 robaren·

132 3473 192 3528 tur
206 3488 216 3528 ι
235 3485 300 3530 nec
316 3459 456 3562 proprio
476 3460 654 3559 sanguinis
671 3459 725 3530 sui
738 3388 920 3570 dispendio
937 3457 1072 3548 voluit,

131 3555 227 3652 quod
256 3561 373 3628 erati
398 3585 435 3628 se
460 3553 592 3628 facum
616 3583 679 3656 per
698 3555 934 3636 insatiabilem
957 3555 1072 3625 domi-

123 3653 242 3723 nandi
255 3655 451 3746 libidinem,
464 3655 502 3726 id
511 3655 592 3725 boni
602 3653 732 3768 publici
747 3655 883 3742 studio,
904 3669 940 3724 et
953 3679 1072 3723 amore

86 3777 89 3783 ·
131 3747 303 3822 libertatis
324 3779 502 3828 excusare.
529 3753 586 3827 Sic
604 3756 747 3854 impune
770 3751 837 3826 sibi
860 3750 932 3824 fore
955 3748 1081 3823 credid
