2668 4414
292 172 502 248 'tissa
551 199 826 251 essuos.
901 169 1035 272 '109

430 361 774 446 ostento..

148 495 231 572 Etsi
249 495 386 568 bellicis
416 499 454 568 in
485 497 591 570 rebus
611 523 677 598 per
704 513 816 570 temet
844 498 923 598 ipse
952 499 1036 570 satis

83 611 237 668 scutum
256 595 376 688 rides,
402 623 518 707 neque
535 611 695 668 nostrum
712 611 766 666 est
790 595 1037 696 sapientissimi

86 693 202 766 Ducis
229 692 375 764 consilia
400 689 567 764 cunosisis
590 692 800 792 perscrutari
817 710 959 791 namen¹
972 694 1037 766 ubi
1065 715 1190 777 raupta

88 791 204 892 gloria
232 806 322 880 tua,
351 791 414 862 ubi
442 791 565 890 patries
598 790 691 862 salus
724 807 870 861 secutur
895 791 933 862 in
958 791 1034 862 dis-

89 889 227 960 crimen
240 939 253 978 ,
279 889 457 988 ignosces,
491 913 604 974 reor,
633 888 664 958 si
702 887 866 988 longioris
899 915 1033 980 morte,

91 1013 203 1086 quam
227 983 313 1056 facis
330 983 369 1056 in
387 983 451 1060 hac
463 985 590 1078 urbe,
619 985 816 1086 periculum
840 987 955 1058 susim
972 987 1036 1062 ds-
1127 1083 1132 1091 ι

91 1099 302 1154 monstrare.

156 1181 261 1252 Nsm
308 1181 375 1252 uid
386 1180 540 1252 sentiam
565 1233 576 1275 ,
607 1182 801 1283 Imperator
822 1177 1034 1274 fortissime,

91 1277 149 1350 sol
175 1278 267 1378 quid
285 1207 440 1377 loquar,
469 1283 549 1350 calm
573 1281 722 1352 otiantes
750 1279 895 1378 Capuse·
915 1297 1035 1351 sextus

94 1373 166 1474 jam
187 1376 321 1447 mensis
341 1403 404 1448 nos
433 1375 584 1449 videnti
609 1377 671 1452 An
695 1377 888 1448 extinctum
913 1393 1037 1473 putem
1065 1395 1198 1444 nussum.

93 1489 197 1545 tuum
218 1473 308 1547 illud
330 1473 370 1546 in
389 1475 567 1546 Romanos
583 1473 704 1545 odium
723 1525 734 1564 ‚
765 1473 860 1586 quod
872 1473 939 1543 nisi
955 1499 1037 1546 cum

93 1571 170 1670 ipsd
196 1571 271 1642 vitd
298 1571 577 1672 extinguendum
613 1572 748 1642 Divum
783 1599 821 1642 ιιι
849 1571 1037 1669 praesentis't

92 1683 170 1740 tem
194 1669 386 1741 solenniter
407 1668 617 1768 promisistil
641 1668 732 1740 Ten'
748 1685 859 1766 partae
871 1667 944 1766 jam
959 1668 1035 1768 glo-

92 1765 157 1838 riae
179 1766 384 1868 poeniteat,
408 1784 470 1839 aut
492 1781 623 1838 'novam
643 1765 842 1838 illustrioris
864 1765 1035 1865 triumphi

92 1881 252 1963 segetem
271 1863 490 1962 aspernerisi
518 1863 619 1936 Num
646 1859 809 1935 effectam
837 1861 901 1964 per
922 1879 957 1934 te
984 1881 1036 1936 tot

92 1962 256 2032 cladibus
275 1963 429 2033 Romam
452 1967 594 2038 rursum
620 1961 809 2054 lacessere,
830 1957 968 2033 ettam
985 1960 1036 2033 fs·

92 2057 155 2136 cili
182 2059 427 2156 redimendam
446 2060 592 2132 victorie
608 2077 746 2131 metuas
767 2056 962 2160 occupare?

146 2158 364 2270 Quanquam
385 2158 474 2257 quid
496 2157 648 2230 victosiae
669 2159 885 2230 mentionem
910 2156 967 2227 hle
986 2155 1038 2228 fa·
1080 2181 1206 2230 conans.

93 2253 175 2346 sio,
209 2253 273 2326 ubi
300 2271 479 2328 certamen
513 2281 681 2328 essenon
704 2255 813 2356 possit
828 2255 851 2326 ἓ·
872 2253 984 2344 Ecce,
1007 2255 1036 2326 si

92 2353 272 2444 uolueris,
298 2353 412 2424 Roma
442 2352 517 2452 jam
544 2370 607 2424 tus
641 2369 722 2444 est,
752 2379 823 2423 non
848 2351 1041 2450 sanguinis

94 2443 237 2551 pretio,
268 2478 339 2522 non
362 2477 542 2522 armorum
566 2450 622 2540 vi,
643 2477 715 2520 non
736 2448 891 2520 militum
914 2445 1041 2520 robore

94 2548 342 2648 pervincenda.
369 2549 509 2620 Accede
539 2564 581 2618 tu
601 2563 742 2618 tantum
753 2574 765 2638 3
786 2545 875 2618 siste
891 2561 927 2619 te
943 2573 1037 2646 prae-
1142 2641 1143 2644 Ἴ

94 2665 234 2725 sentem
252 2647 460 2738 mu'snibus3
484 2644 700 2718 Annibalem
732 2645 852 2718 vident
884 2643 1038 2745 superba

22 2813 24 2816 .
94 2743 157 2816 illa
170 2745 317 2836 civitas,
331 2761 376 2838 ¹et
391 2745 559 2822 rictorem
577 2743 670 2814 ultre
686 2741 794 2814 trium
819 2741 1037 2844 nantemque

94 2842 261 2942 excipiet.
284 2841 423 2942 Nempe
440 2841 584 2914 fatalem
597 2867 646 2941 pu
694 2865 725 2912 ω
740 2841 779 2911 in
816 2841 889 2912 licis
902 2839 1038 2914 exitum

95 2939 278 3038 expectetl
290 2937 424 3012 Acoisis
438 2940 593 3030 viribus,
608 2867 849 3011 delinsonbus
860 2926 1037 3038 spoliata,

94 3038 195 3137 gravi
216 3037 377 3137 perculsa
397 3055 498 3110 metu
512 3036 651 3111 victoris
672 3036 846 3108 exercitas
864 3037 1039 3132 impetum

95 3134 296 3207 sustinenti
321 3137 391 3208 suis
418 3131 511 3208 faces
544 3135 723 3208 admoveri
756 3131 958 3220 moenibus,
987 3127 1038 3200 ci-

94 3261 157 3305 ves
183 3233 232 3304 ad
260 3233 533 3306 internecionem
564 3233 679 3320 ciedi,
704 3232 853 3300 Penates
876 3254 914 3299 ac
942 3227 1039 3300 Deos

94 3329 202 3427 objici
218 3330 373 3402 ludibrio
384 3329 559 3430 patiaturl
581 3327 677 3402 Nori
693 3329 817 3397 Romae
833 3327 1038 3426 ingenium,
1066 3321 1069 3336 '

94 3429 182 3500 Dux
210 3424 421 3522 fortissime,
451 3429 490 3502 in
505 3425 561 3498 'iis
592 3451 715 3522 rerum
739 3451 883 3496 suerum
909 3449 1040 3523 angus-

94 3526 154 3596 tiis
165 3525 253 3597 aleae
275 3543 351 3598 tam
373 3526 572 3598 memendae
588 3521 776 3596 discrimen
785 3521 958 3594 ¹ultimum
975 3546 1041 3592 no-

94 3621 139 3693 lit
159 3624 324 3722 experiri.
351 3625 451 3718 Quid
473 3650 647 3696 cessamus
677 3619 881 3735 ergolquae
905 3646 967 3689 nos
987 3635 1041 3692 ress
1127 3671 1134 3684 .

88 3719 187 3794 tinet
216 3723 384 3794 vecordia
410 3723 458 3796 sic
487 3723 612 3794 oblitos
649 3719 788 3820 glonae,
820 3733 857 3812 et
893 3714 1043 3790 laventis

95 3817 188 3894 ultro
215 3817 283 3893 lati
312 3819 590 3921 contemptores}
620 3821 653 3892 Ο
678 3819 707 3890 si
733 3833 808 3892 tam
830 3816 1045 3916 aspirantem
1104 3813 1108 3820 ’
