2668 4414
285 230 332 326 74
549 243 957 298 nnnwomcfl

282 361 319 420 et
330 369 438 444 quem
454 343 711 416 Adversarium
732 369 914 435 senseras,
938 341 1011 441 jam
1029 343 1215 442 pauonum

281 440 462 540 experiris.
480 442 587 534 Quod
602 439 712 512 fecisti
728 440 1074 540 cumque31eveest,
1089 440 1216 540 siquid

282 539 475 610 accusatori
491 539 669 628 creditur,
687 564 751 610 nec
765 553 923 610 meretur
938 563 1092 636 poenam.
1111 539 1161 608 At
1180 555 1216 609 te

282 635 394 707 cordis
411 635 465 708 tui
486 634 692 734 perversitas
712 633 871 734 quolibet
888 634 1056 735 supplicio
1072 633 1218 734 dignum

282 729 409 824 efficit,
432 761 496 806 nec
516 733 641 804 ducere
667 731 815 803 ulterius
832 731 943 805 vitam
964 731 1109 831 patitur.
1133 733 1217 803 Mo-

282 831 383 902 rieris
400 857 505 931 ergc3
521 828 714 900 miserrime
733 829 880 903 Juvenis
894 857 906 921 3
920 855 1004 901 nam
1020 829 1099 942 puis
1111 829 1218 901 tutari

282 928 434 1028 tepossit
442 957 455 1019 3
472 925 613 997 autvim
625 926 852 999 accusationis
864 926 1038 1026 ejusmodi
1055 925 1219 1026 deinceps

283 1025 423 1098 elevati

332 1121 432 1194 Vidit
443 1119 537 1191 enim
549 1125 659 1212 verb,
703 1121 781 1193 ussi
793 1121 900 1194 oculis
913 1137 1089 1214 cerneret,
1109 1119 1219 1192 animi

283 1218 337 1289 tui
351 1233 515 1288 naturam
526 1231 633 1316 atque
645 1147 800 1290 indolem
809 1222 1002 1292 Accusator
1016 1217 1197 1318 perspicax
1204 1244 1219 1310 3

282 1315 480 1414 penetravit
496 1341 558 1426 pro
580 1319 645 1392 sut
664 1316 878 1416 sagacitate,
904 1314 1040 1388 abditos
1062 1341 1221 1415 quotque

283 1411 430 1514 pectoris
460 1427 514 1482 tut
540 1439 718 1504 recessus,
745 1431 783 1486 et
807 1412 1098 1514 implicatissimis
1124 1413 1220 1484 sinus

283 1509 436 1581 resolvit.
455 1509 516 1579 Tu
525 1509 658 1600 malus,
672 1537 713 1581 eo
723 1509 840 1610 judice
856 1527 963 1609 atque
973 1510 1123 1601 arbitro,
1137 1509 1221 1581 licet

282 1605 372 1678 nihil
388 1631 546 1704 unquam
567 1605 740 1700 edideris,
768 1608 863 1679 unde
908 1607 963 1677 uis
989 1606 1154 1706 suspicari
1180 1606 1223 1678 id

283 1704 403 1802 possit.
430 1705 577 1774 Frustra
605 1703 766 1775 traducta
795 1703 861 1776 tibi
882 1633 1034 1775 ieliciter
1062 1702 1222 1774 adhunc

196 1829 199 1835 ¹
283 1827 397 1900 usque
410 1801 504 1870 diem
518 1799 749 1872 adolescentia
766 1817 820 1871 est
837 1830 847 1871 r
864 1799 954 1872 nihil
966 1815 1021 1871 est
1037 1798 1133 1900 qudd
1140 1801 1239 1899 pr0-'

282 1897 405 1969 batam
422 1897 584 1968 omnibus
599 1898 811 1970 suavitatem
823 1897 972 1989 indolis,
988 1923 1127 1968 morum
1139 1923 1222 1968 con-

283 1995 492 2086 tinentiam,
507 1995 635 2066 intota
656 1995 739 2068 vitae
754 1994 1007 2066 consuetudine
1020 1993 1223 2065 amabilita-

283 2108 357 2162 tem
366 2093 576 2191 praetendas.
586 2091 670 2165 Non
678 2109 713 2164 te
726 2091 827 2190 juvat
840 2093 935 2194 qudd
983 2108 1060 2162 stus
1069 2091 1224 2190 parenti·

283 2189 352 2260 bus
372 2242 384 2280 5
403 2189 658 2282 c'arusamicis,
678 2190 825 2266 dilectus
838 2217 869 2262 ae
894 2217 919 2260 u
967 2187 1221 2260 bushabean's.

282 2287 405 2358 Vincit
416 2304 576 2358 constans
593 2288 637 2358 de
652 2303 688 2358 te
706 2288 813 2358 totius
830 2218 929 2358 miris
944 2286 1117 2384 judicium
1132 2313 1225 2357 nova

283 2399 321 2454 et
330 2383 482 2455 insolens
496 2384 648 2456 hominis
661 2384 767 2456 unius
781 2385 915 2486 opinio,
923 2383 986 2485 qui
998 2383 1130 2455 steteris
1142 2409 1225 2455 ocu-

283 2480 389 2552 latior
402 2482 492 2552 vidit
503 2480 541 2552 in
558 2497 593 2554 te
619 2482 713 2554 mala
727 2481 891 2582 quaedam
907 2479 1145 2578 improbitatis
1160 2505 1221 2552 se-

284 2581 407 2668 mina,
427 2603 507 2676 quse
519 2579 799 2648 nemohaotenus
811 2575 1104 2675 deprehenderat.

331 2673 461 2773 Neque
468 2699 550 2744 vero
563 2674 719 2746 oculatus
731 2675 791 2746 ille
803 2679 958 2766 tanum,
972 2673 1035 2745 sed
1045 2672 1224 2773 etperitus

226 2771 229 2776 ’
282 2774 411 2884 Augur
425 2821 436 2862 5
455 2771 549 2872 quod
563 2771 754 2884 aliquando
766 2770 926 2844 flitmum
937 2787 1014 2863 est,
1030 2778 1124 2843 certd
1134 2775 1245 2871 prae-'

282 2869 389 2969 ciprt:
405 2867 515 2939 habet
527 2867 592 2940 hoc
610 2869 785 2971 srngulare
802 2869 976 2968 Superdm
992 2895 1143 2960 munus,
1159 2885 1201 2940 ut
1209 2921 1224 2959 ‚

282 2992 364 3064 quae
372 2967 721 3040 caeterosmortalium
731 2968 856 3059 latent,
866 2993 957 3037 unus
967 2966 1104 3038 noverit
1115 2981 1224 3066 atque

282 3061 469 3163 intelligat.
485 3065 509 3136 J
509 3089 567 3135 am
579 3063 733 3162 objectas
750 3063 862 3136 menti
875 3064 1023 3165 etquasi
1059 3077 1225 3134 merentes

283 3159 391 3230 oculis
417 3159 579 3231 intuetur
601 3163 712 3232 caedes
723 3213 735 3255 5
763 3163 926 3261 rapinas,
975 3189 995 3231 ο
1019 3090 1190 3232 dationes
1210 3211 1223 3250 5

283 3256 473 3356 parricidia
488 3257 627 3359 aliaque
641 3259 679 3330 id
691 3285 801 3371 genus
814 3312 825 3352 5
845 3259 890 3330 ab
906 3187 1138 3330 Adoiisscente
1153 3256 1224 3326 mi·
1256 3319 1260 3325 .

282 3380 360 3424 sero
381 3354 633 3427 committenda
658 3355 742 3427 ohm
769 3351 927 3456 flagitia,
954 3371 991 3426 et
1009 3355 1120 3427 multe
1140 3369 1224 3425 ante

182 3527 183 3531 ,
245 3521 251 3532 ,
283 3451 712 3564 confiscapiteplectenda
727 3453 931 3524 arbitrattu.

334 3548 434 3640 Quid
442 3550 552 3648 igitur
558 3565 738 3648 superest,
752 3547 822 3618 nisi
833 3565 875 3619 ut
885 3549 1018 3620 crimen
1028 3545 1222 3647 ejusmodi,

283 3649 363 3715 cum
378 3647 536 3718 excusari
551 3673 622 3716 non
635 3645 742 3744 possit
756 3699 767 3736 5
786 3661 940 3718 vestram
952 3645 1224 3717 misericordium

285 3739 466 3834 obtestor,
486 3759 523 3815 et
543 3743 891 3848 (litem-Accusamus
914 3770 1018 3837 voce,
1051 3759 1226 3844 tauquam
