2760 4416
810 97 824 130 ἱ

341 256 517 302 nrnnn
567 253 874 302 sncuunus.
988 231 1082 303 '505

187 353 236 426 Et
257 351 343 444 ille,
369 353 496 445 credo,
527 351 713 452 strepitum
735 349 833 444 fori,
861 353 1076 466 litigantium

139 450 263 542 tricas,
272 468 308 522 et
318 479 417 522 suam
429 451 467 522 in
479 451 721 550 cognoscendis
734 468 796 522 aut
808 452 951 551 agend1s
963 453 1075 522 causis

141 549 383 618 assiduitatem
392 547 539 646 jactabit
551 600 562 640 ,
576 547 783 638 hominurn,
802 549 831 618 si
846 548 987 646 Superis
1004 549 1078 646 pla-

5 647 7 714 Ῐ
98 736 103 743 ,
144 663 222 736 cet,
241 643 585 716 infortunatissimus.
601 647 653 717 At
669 645 793 746 quanti
805 662 882 735 est,
906 646 1076 736 Judices‚
1158 677 1196 699 ·-

141 757 294 816 tutorem
304 744 423 842 legum
437 770 476 813 ac
488 741 705 814 defensorem
718 741 866 814 audire!
879 769 953 813 esse
964 769 1090 836 unum,

133 839 297 951 'aliquem
319 867 363 911 ex
390 841 500 911 beatis
527 839 596 911 illis
611 839 840 931 ¹hominibus,
870 865 1020 940 quorum
1033 867 1079 912 ex

141 935 286 1008 arburio
306 939 546 1010 controversiae
579 937 707 1008 civium
733 937 967 1028 dirimentur3
990 938 1077 1037 quid

141 1033 186 1104 de
202 1035 314 1133 capite
333 1032 552 1136 fortunisque
567 1035 754 1106 Procerum
770 1034 926 1134 ipsorum
941 1062 1079 1106 summo

140 1128 218 1228 jure
242 1133 504 1229 pronuncient,
540 1158 691 1233 quorum
720 1133 952 1231 patrocinium
974 1160 1078 1212 nemo

140 1255 211 1298 non
226 1225 360 1300 ambiat
374 1259 385 1322 ,
400 1227 556 1302 favorem
568 1246 604 1300 et
621 1230 770 1329 gratiam
782 1257 852 1300 non
869 1246 1076 1330 aucupetur,

141 1323 422 1470 benevplentiam
450 1326 573 1428 quovis
602 1328 715 1426 pretio
740 1327 983 1398 redimendam
1008 1355 1078 1397 non
1178 1345 1184 1355 “

164 1437 260 1493 utet.
289 1479 297 1490 .
482 1453 486 1458 '
709 1466 711 1470 ·

138 1449 163 1522 P
189 1519 318 1611 Pareo,
336 1521 505 1612 Judices‚
526 1523 701 1620 operosius
724 1521 839 1593 dicere
865 1523 909 1593 de
942 1549 1077 1621 puero,

140 1615 240 1714 cujus
252 1617 326 1690 haec
337 1645 474 1690 summa
486 1615 651 1710 felicitas,
670 1637 711 1691 ut
729 1647 793 1691 nec
807 1620 984 1704 miseriam
1003 1647 1080 1691 sen-

140 1713 209 1784 tire
217 1717 343 1882 possit,
357 1715 457 1787 nulld
466 1743 549 1816 spe,
567 1716 664 1788 nullo
674 1719 799 1788 timore
813 1770 823 1807 ,
837 1717 1077 1815 perturbatus.

141 1809 222 1882 Exu·
236 1829 298 1884 ant
325 1812 370 1884 ab
404 1813 470 1885 hac
503 1829 606 1887 aetate
639 1813 917 1906 sollicitudines,
955 1839 1078 1905 curae,

139 1908 346 1980 anxietates.
369 1911 492 1980 Securi
522 1939 664 2003 omnes,
697 1913 822 2012 quanti
848 1928 989 1984 caeteros
1017 1911 1079 1982 ho-

140 2005 252 2076 mines
271 2007 502 2104 cupiditatum
528 2025 632 2078 aestus
654 2035 721 2078 exa
744 2010 856 2102 itent,
887 2009 952 2080 hoc
1001 2007 1080 2079 ueri

140 2102 325 2199 provident
345 2131 482 2197 unum,
509 2121 551 2175 ut
579 2107 692 2177 aetatis
717 2035 830 2200 llere,
860 2105 945 2176 dum
972 2037 1077 2196 leet,

135 2196 379 2296 perfruantur.
399 2201 581 2311 Inspicite,
596 2229 713 2310 quaeso
725 2255 737 2292 ,
750 2204 910 2300 quemvis
928 2228 971 2273 ex
983 2203 1079 2295 illis,

112 2293 116 2300 ’
140 2297 337 2395 quidquam
359 2323 404 2368 ne
432 2297 573 2369 sudetur
601 2323 639 2366 m
663 2294 801 2389 fronte,
831 2299 871 2368 in
886 2296 991 2366 oc'ulis
1008 2322 1026 2387 ,⁶
1040 2299 1079 2367 in

140 2392 265 2484 vultu,
286 2394 381 2494 qudd
393 2419 580 2465 moerorem
597 2393 735 2491 sapiat,
758 2411 819 2464 aut
836 2394 950 2492 potius
968 2395 1079 2464 incre·
1118 2461 1120 2469 ,

139 2487 286 2562 dibilem
300 2492 479 2591 quandam
495 2489 604 2564 animi
616 2489 776 2561 laetitiam
794 2518 833 2561 ac
843 2489 1078 2590 tranquillita-

140 2602 213 2658 tem
230 2615 300 2659 non
317 2587 446 2688 spiret?
464 2589 535 2660 Sed
559 2587 645 2688 quid
661 2615 724 2688 ego
746 2615 806 2660 vos
824 2589 963 2661 moror?
981 2590 1078 2658 Date
1117 2655 1124 2669 ,

140 2685 229 2755 mihi
267 2713 459 2787 nemquam
478 2703 551 2755 tam
575 2683 779 2777 florentem,
800 2702 872 2755 tam
900 2683 1074 2777 beatum,

140 2797 215 2853 tam
224 2713 329 2853 riibus
342 2785 446 2882 gestis
455 2783 512 2854 vel
526 2781 697 2854 honorum
706 2784 818 2882 gradu
835 2799 1076 2880 praestantem,

142 2879 205 2979 qui
222 2905 322 2950 suam
335 2904 419 2952 cum
438 2879 503 2951 hac
514 2895 618 2951 astate
634 2897 762 2950 sortem
779 2895 993 2950 commutare
1006 2906 1077 2950 non

137 2977 236 3050 velit.

189 3073 376 3164 Audistis,
395 3073 562 3166 Judices‚
585 3099 665 3188 quse
680 3100 760 3144 mea
783 3071 890 3144 fuerit
906 3075 997 3165 vita,
1019 3075 1077 3148 cui

140 3174 280 3273 requies
293 3171 331 3242 in
347 3170 465 3243 labore
481 3167 568 3263 fuit,
591 3201 629 3244 m
648 3171 789 3242 miserit
802 3171 964 3270 curisque
983 3172 1075 3242 sola-

139 3269 244 3342 tium.
263 3269 370 3342 Nunc
381 3269 570 3360 attendite,
587 3296 666 3370 quae
676 3295 756 3339 mea
768 3267 804 3337 in
817 3267 871 3338 his
887 3295 1006 3340 rerum
1016 3271 1076 3342 ad-

70 3385 73 3396 '
140 3367 269 3465 junctis
286 3366 437 3439 conditio
449 3367 512 3456 sit,
530 3367 629 3466 cujus
645 3367 886 3466 ingravescens
903 3363 975 3464 jam
990 3385 1075 3440 retas

141 3482 179 3535 et
195 3467 290 3536 omni
308 3465 468 3565 praesidio
485 3464 676 3553 destituta,
696 3465 734 3534 in
759 3467 830 3534 unt
846 3464 991 3535 modicae
1008 3463 1074 3535 he·

141 3561 1073 3663 reditatisexpectationeconquiescat.Nolite,quaeso,

139 3660 163 3732 J
164 3659 280 3730 udices
288 3713 298 3749 ‚
311 3660 518 3744 deliaudare
532 3688 588 3732 me
597 3659 750 3732 subsidio
763 3675 837 3728 tam
851 3659 942 3749 levi3
957 3685 1073 3760 neque

138 3757 368 3850 committite,
390 3775 451 3852 ut,
482 3757 685 3861 quod'mihi
707 3784 858 3859 cumque
884 3757 971 3832 lucis
996 3757 1072 3829 exi-
