2766 4412
317 165 391 260 ffld
576 199 1033 262 nurronroa'

316 329 447 410 turpe,
469 308 531 380 sed
547 306 709 378 Ebrietas
731 323 785 378 est
800 307 953 400 vitium,
971 308 1080 409 igitur
1092 305 1258 416 Ebp‘ietas

316 426 371 482 est
388 407 514 505 turpis.

366 505 443 576 Hoc
468 519 588 574 autem
616 501 824 578 discriminis
849 499 985 574 habent
1009 502 1258 606 philosophicae

317 602 656 702 argmnentationes,
690 616 727 670 et
760 601 942 692 oratoriae,
962 601 1020 671 -1⁰.
1045 603 1142 702 quod
1162 605 1259 677 Rhe·

220 765 222 780 ,
316 715 435 770 torum
464 698 800 798 Argumentationes'
822 726 895 769 non
920 695 1099 788 continent
1121 729 1258 800 semper

316 797 469 882 rationes
489 822 590 870 veras
601 848 612 887 ,
638 795 701 866 sed
724 795 928 888 interdum,
952 813 1020 867 aut·
1039 797 1146 868 etiam
1166 825 1213 869 sae

234 938 241 946 .
317 892 523 967 verisimiles
562 897 714 966 tantum.
753 889 1004 992 Philosophicae
1049 903 1132 967 vero
1168 803 1259 971 aiiii

316 991 449 1066 habere
463 991 598 1063 debent
614 991 689 1061 'nisi
708 1013 873 1061 verum·
1219 1011 1254 1036 ··
1340 981 1355 1052 ἶ

366 1093 421 1162 2⁰.
442 1089 550 1183 Quod
564 1087 793 1187 Philosophus
810 1081 920 1158 hahet
938 1089 1259 1190 argumentationes

316 1187 431 1260 nudas
452 1215 492 1258 ac
520 1187 717 1286 simplices,
746 1211 833 1286 quas
858 1201 951 1257 certo
978 1214 1114 1286 semper
1134 1217 1259 1292 propo-

318 1284 484 1356 sitionum
508 1286 630 1358 ordine
652 1301 689 1356 et
713 1283 787 1354 sine
810 1279 1152 1386 artificioexquisito
1171 1315 1257 1388 pro·
1329 1345 1333 1352 .

317 1381 434 1482 ponit3
462 1381 598 1454 Rhetor
622 1386 643 1453 ὸ
667 1380 838 1454 contrario
856 1408 956 1452 suam
974 1383 1012 1453 in
1029 1383 1258 1476 collocandis,

318 1479 570 1578 amplificandis
602 1479 838 1580 ornandisque
876 1479 1168 1580 propositionibus
1208 1483 1260 1556 ith

364 1577 417 1649 nit
437 1577 676 1670 industriam,
702 1595 744 1650 ut
764 1594 884 1648 tarsen
909 1593 1023 1650 artem
1047 1579 1257 1656 dissimulet.

317 1605 430 1774 dirius
459 1677 511 1749 rei
537 1678 626 1748 ratio
650 1703 753 1748 exeo
777 1677 995 1775 repetenda=13
1021 1679 1116 1777 quod
1136 1675 1258 1748 Philo·

318 1773 448 1874 sophus
477 1775 626 1873 probare
653 1764 823 1864 tahtdm,
856 1773 992 1846 Rhetor
1018 1791 1053 1845 et
1107 1773 1231 1847 rohare
1242 1827 1258 1868 ,

318 1888 356 1943 et
382 1871 561 1970 probando
586 1873 723 1974 placere
740 1872 847 1943 etiam
866 1873 1035 1943 intendat.
1119 1894 1147 1962 e
1163 1861 1266 1964 ,forte

317 1972 476 2041 manavit
488 1970 614 2042 tritum
632 1969 721 2042 illud
737 1971 889 2044 Zenonis
905 1967 1009 2040 Stoici
1023 1967 1175 2060 dictum,
1192 1971 1258 2072 qui

314 2065 577 2167 Philosophiam
604 2067 781 2142 adstrictae
811 2067 929 2140 manui
959 2081 996 2136 et
1025 2066 1062 2136 iu
1094 2067 1256 2167 pugnum

301 2163 495 2256 collectae,
524 2163 751 2240 Rhetoricam
780 2173 860 2240 vero
883 2162 999 2234 eidem
1029 2188 1191 2265 expansae
1218 2181 1263 2248 et·

315 2261 487 2363 ex'plicitae
504 2265 742 2366 comparabat.

558 2449 886 2501 ARTICULUS
921 2451 1007 2508 211.

447 2591 515 2664 De
539 2573 877 2691 'argumentatione
902 2587 1122 2661 Rhetorica
1171 2599 1176 2703 j
1232 2575 1262 2610 ·’

364 2744 635 2846 Argumentatio
650 2741 840 2814 Rhetorica
857 2761 909 2815 est
924 2759 1008 2843 apta
1024 2759 1060 2814 et
1080 2743 1253 2844 exquisito

316 2869 398 2915 eum
427 2839 571 2914 artificio
603 2837 695 2910 facta
717 2865 778 2938 pro
804 2841 1014 2931 ositionmn,
1052 2867 1095 2911 ex
1124 2841 1253 2946 quihus

316 2957 561 3042 argumentum
585 2953 738 3030 constat,
764 2867 817 3009 dis
880 2939 964 3025 itio,
983 2937 1079 3009 unde
1095 2937 1253 3040 legitima

270 3133 274 3142 .
317 3038 486 3112 conclusio
501 3033 658 3128 elicitur,
678 3051 715 3107 et
728 2967 941 3138 ampiiliiata
953 3033 1267 3139 ornataqueelilo-.

315 3135 416 3210 rescit
438 3130 560 3224 oratio,
928 3131 932 3140 ’
1257 3161 1261 3170 ·

459 3438 523 3502 .·
664 3487 902 3518 mm
