<?xml version="1.0" encoding="UTF-8"?>
<!DOCTYPE html PUBLIC "-//W3C//DTD XHTML 1.0 Transitional//EN"
    "http://www.w3.org/TR/xhtml1/DTD/xhtml1-transitional.dtd">
<html xmlns="http://www.w3.org/1999/xhtml" xml:lang="en" lang="en">
 <head>
  <title>
</title>
<meta http-equiv="Content-Type" content="text/html;charset=utf-8" />
  <meta name='ocr-system' content='tesseract 3.04.00' />
  <meta name='ocr-capabilities' content='ocr_page ocr_carea ocr_par ocr_line ocrx_word'/>
</head>
<body>
  <div class='ocr_page' id='page_1' title='image "./bibliothecarhet01jaygoog/bibliothecarhet01jaygoog_0389.png"; bbox 0 0 2766 4412; ppageno 0'>
   <div class='ocr_carea' id='block_1_1' title="bbox 69 432 341 488">
    <p class='ocr_par' dir='ltr' id='par_1_1' title="bbox 69 432 341 488">
     <span class='ocr_line' id='line_1_1' title="bbox 69 432 341 488; baseline -0.004 0"><span class='ocrx_word' id='word_1_1' title='bbox 69 473 71 478; x_wconf 84' lang='grc'>-</span> <span class='ocrx_word' id='word_1_2' title='bbox 160 432 287 488; x_wconf 86' lang='lat' dir='ltr'><strong>rantur</strong></span> <span class='ocrx_word' id='word_1_3' title='bbox 300 443 341 488; x_wconf 86' lang='lat' dir='ltr'><strong>ac</strong></span> 
     </span>
    </p>
   </div>
   <div class='ocr_carea' id='block_1_2' title="bbox 371 199 1105 308">
    <p class='ocr_par' dir='ltr' id='par_1_2' title="bbox 371 199 1105 308">
     <span class='ocr_line' id='line_1_2' title="bbox 371 199 1105 308; baseline 0.014 -41"><span class='ocrx_word' id='word_1_4' title='bbox 371 220 545 308; x_wconf 59' lang='lat' dir='ltr'><strong>arser</strong></span> <span class='ocrx_word' id='word_1_5' title='bbox 595 199 939 270; x_wconf 51' lang='lat' dir='ltr'><strong>seeunnusj</strong></span> <span class='ocrx_word' id='word_1_6' title='bbox 1033 203 1105 298; x_wconf 77' lang='lat'><strong>391</strong></span> 
     </span>
    </p>
   </div>
   <div class='ocr_carea' id='block_1_3' title="bbox 158 315 1196 1078">
    <p class='ocr_par' dir='ltr' id='par_1_3' title="bbox 161 315 1108 612">
     <span class='ocr_line' id='line_1_3' title="bbox 161 315 1108 487; baseline 0.005 -98"><span class='ocrx_word' id='word_1_7' title='bbox 161 333 217 390; x_wconf 85' lang='lat' dir='ltr'><strong>tes</strong></span> <span class='ocrx_word' id='word_1_8' title='bbox 228 317 308 418; x_wconf 87' lang='lat' dir='ltr'><strong>plus</strong></span> <span class='ocrx_word' id='word_1_9' title='bbox 332 345 434 487; x_wconf 69' lang='lat' dir='ltr'><strong>aeguo</strong></span> <span class='ocrx_word' id='word_1_10' title='bbox 456 319 512 391; x_wconf 83' lang='lat' dir='ltr'><strong>sul</strong></span> <span class='ocrx_word' id='word_1_11' title='bbox 531 347 540 388; x_wconf 71' lang='grc' dir='ltr'><strong>ι</strong></span> <span class='ocrx_word' id='word_1_12' title='bbox 561 345 633 420; x_wconf 92' lang='lat' dir='ltr'><strong>quo</strong></span> <span class='ocrx_word' id='word_1_13' title='bbox 650 315 715 440; x_wconf 80' lang='lat' dir='ltr'><strong>fit,</strong></span> <span class='ocrx_word' id='word_1_14' title='bbox 738 336 802 410; x_wconf 92' lang='lat' dir='ltr'><strong>ut,</strong></span> <span class='ocrx_word' id='word_1_15' title='bbox 825 321 910 392; x_wconf 76' lang='lat' dir='ltr'><strong>dum</strong></span> <span class='ocrx_word' id='word_1_16' title='bbox 935 345 972 434; x_wconf 77' lang='lat' dir='ltr'><strong>se</strong></span> <span class='ocrx_word' id='word_1_17' title='bbox 995 323 1108 394; x_wconf 86' lang='lat' dir='ltr'><strong>admi</strong></span> 
     </span>
     <span class='ocr_line' id='line_1_4' title="bbox 161 418 1106 612; baseline 0.005 -27"><span class='ocrx_word' id='word_1_18' title='bbox 161 513 323 586; x_wconf 86' lang='lat' dir='ltr'><strong>colendos</strong></span> <span class='ocrx_word' id='word_1_19' title='bbox 349 418 1106 612; x_wconf 50' lang='lat' dir='ltr'><strong>abitiediiiiirairliiiseiossridildii&#39;ddienddidii</strong></span> 
     </span>
    </p>

    <p class='ocr_par' dir='ltr' id='par_1_4' title="bbox 158 609 1196 1078">
     <span class='ocr_line' id='line_1_5' title="bbox 209 609 1107 714; baseline 0.007 -32"><span class='ocrx_word' id='word_1_20' title='bbox 209 609 427 711; x_wconf 83' lang='lat' dir='ltr'><strong>Supersedeo</strong></span> <span class='ocrx_word' id='word_1_21' title='bbox 461 611 642 711; x_wconf 70' lang='lat' dir='ltr'><strong>pluribm,</strong></span> <span class='ocrx_word' id='word_1_22' title='bbox 676 612 844 704; x_wconf 78' lang='lat' dir='ltr'><strong>ludices3</strong></span> <span class='ocrx_word' id='word_1_23' title='bbox 873 630 910 684; x_wconf 90' lang='lat' dir='ltr'><strong>et</strong></span> <span class='ocrx_word' id='word_1_24' title='bbox 938 616 1107 714; x_wconf 83' lang='lat' dir='ltr'><strong>quoniam</strong></span> 
     </span>
     <span class='ocr_line' id='line_1_6' title="bbox 161 709 1196 813; baseline -0.004 -31"><span class='ocrx_word' id='word_1_25' title='bbox 161 709 392 784; x_wconf 79' lang='lat' dir='ltr'><strong>Fortitudinis</strong></span> <span class='ocrx_word' id='word_1_26' title='bbox 433 737 474 782; x_wconf 88' lang='lat' dir='ltr'><strong>ao</strong></span> <span class='ocrx_word' id='word_1_27' title='bbox 513 710 683 783; x_wconf 87' lang='lat' dir='ltr'><strong>Bonitatis</strong></span> <span class='ocrx_word' id='word_1_28' title='bbox 723 712 870 813; x_wconf 84' lang='lat' dir='ltr'><strong>gloriam</strong></span> <span class='ocrx_word' id='word_1_29' title='bbox 905 712 1105 786; x_wconf 83' lang='lat' dir='ltr'><strong>Aremorici</strong></span> <span class='ocrx_word' id='word_1_30' title='bbox 1194 773 1196 778; x_wconf 90' lang='lat'><em>.</em></span> 
     </span>
     <span class='ocr_line' id='line_1_7' title="bbox 159 807 1104 910; baseline 0.002 -32"><span class='ocrx_word' id='word_1_31' title='bbox 159 833 224 906; x_wconf 83' lang='lat' dir='ltr'><strong>pro</strong></span> <span class='ocrx_word' id='word_1_32' title='bbox 255 808 334 905; x_wconf 78' lang='lat' dir='ltr'><strong>jure</strong></span> <span class='ocrx_word' id='word_1_33' title='bbox 364 835 427 880; x_wconf 90' lang='lat' dir='ltr'><strong>suo</strong></span> <span class='ocrx_word' id='word_1_34' title='bbox 458 809 526 880; x_wconf 91' lang='lat' dir='ltr'><strong>sibi</strong></span> <span class='ocrx_word' id='word_1_35' title='bbox 554 807 759 898; x_wconf 83' lang='lat' dir='ltr'><strong>vindicant,</strong></span> <span class='ocrx_word' id='word_1_36' title='bbox 796 808 964 898; x_wconf 83' lang='lat' dir='ltr'><strong>statuite,</strong></span> <span class='ocrx_word' id='word_1_37' title='bbox 996 813 1104 910; x_wconf 73' lang='lat' dir='ltr'><strong>quam</strong></span> 
     </span>
     <span class='ocr_line' id='line_1_8' title="bbox 158 905 1104 1078; baseline 0.003 -103"><span class='ocrx_word' id='word_1_38' title='bbox 158 907 393 1078; x_wconf 48' lang='lat' dir='ltr'><strong>gueritcllsagens</strong></span> <span class='ocrx_word' id='word_1_39' title='bbox 411 924 530 980; x_wconf 85' lang='lat' dir='ltr'><strong>nostra</strong></span> <span class='ocrx_word' id='word_1_40' title='bbox 550 906 683 979; x_wconf 75' lang='lat' dir='ltr'><strong>caeteris</strong></span> <span class='ocrx_word' id='word_1_41' title='bbox 699 905 826 979; x_wconf 82' lang='lat' dir='ltr'><strong>Gallias</strong></span> <span class='ocrx_word' id='word_1_42' title='bbox 855 907 991 1006; x_wconf 85' lang='lat' dir='ltr'><strong>populis</strong></span> <span class='ocrx_word' id='word_1_43' title='bbox 1013 933 1104 1005; x_wconf 82' lang='lat' dir='ltr'><strong>prae-</strong></span> 
     </span>
     <span class='ocr_line' id='line_1_9' title="bbox 173 1021 920 1077; baseline 0.005 -3"><span class='ocrx_word' id='word_1_44' title='bbox 173 1027 257 1076; x_wconf 85' lang='lat' dir='ltr'><strong>eren</strong></span> <span class='ocrx_word' id='word_1_45' title='bbox 332 1021 391 1077; x_wconf 77' lang='lat' dir='ltr'><strong>sit.</strong></span> <span class='ocrx_word' id='word_1_46' title='bbox 918 1064 920 1070; x_wconf 90' lang='lat'><em>.</em></span> 
     </span>
    </p>
   </div>
   <div class='ocr_carea' id='block_1_4' title="bbox 444 1151 820 1200">
    <p class='ocr_par' dir='ltr' id='par_1_5' title="bbox 444 1151 820 1200">
     <span class='ocr_line' id='line_1_10' title="bbox 444 1151 820 1200; baseline -0.011 1"><span class='ocrx_word' id='word_1_47' title='bbox 444 1151 820 1200; x_wconf 72' lang='lat' dir='ltr'><strong>NORMANNUB·</strong></span> 
     </span>
    </p>
   </div>
   <div class='ocr_carea' id='block_1_5' title="bbox 108 1303 1106 2857">
    <p class='ocr_par' dir='ltr' id='par_1_6' title="bbox 108 1303 1106 2677">
     <span class='ocr_line' id='line_1_11' title="bbox 204 1303 1100 1406; baseline 0.001 -31"><span class='ocrx_word' id='word_1_48' title='bbox 204 1303 291 1378; x_wconf 83' lang='lat' dir='ltr'><strong>Fuit</strong></span> <span class='ocrx_word' id='word_1_49' title='bbox 309 1307 376 1378; x_wconf 90' lang='lat' dir='ltr'><strong>boc</strong></span> <span class='ocrx_word' id='word_1_50' title='bbox 393 1331 532 1403; x_wconf 84' lang='lat' dir='ltr'><strong>semper</strong></span> <span class='ocrx_word' id='word_1_51' title='bbox 552 1305 751 1377; x_wconf 88' lang='lat' dir='ltr'><strong>luctuosum</strong></span> <span class='ocrx_word' id='word_1_52' title='bbox 776 1307 892 1376; x_wconf 90' lang='lat' dir='ltr'><strong>nescio</strong></span> <span class='ocrx_word' id='word_1_53' title='bbox 913 1307 1009 1406; x_wconf 85' lang='lat' dir='ltr'><strong>quod</strong></span> <span class='ocrx_word' id='word_1_54' title='bbox 1027 1307 1100 1378; x_wconf 83' lang='lat' dir='ltr'><strong>vir-</strong></span> 
     </span>
     <span class='ocr_line' id='line_1_12' title="bbox 156 1401 1103 1502; baseline 0.002 -30"><span class='ocrx_word' id='word_1_55' title='bbox 156 1403 244 1472; x_wconf 87' lang='lat' dir='ltr'><strong>tutis</strong></span> <span class='ocrx_word' id='word_1_56' title='bbox 269 1401 405 1494; x_wconf 87' lang='lat' dir='ltr'><strong>fatum,</strong></span> <span class='ocrx_word' id='word_1_57' title='bbox 424 1404 568 1477; x_wconf 78' lang='lat' dir='ltr'><strong>Judices</strong></span> <span class='ocrx_word' id='word_1_58' title='bbox 597 1402 836 1501; x_wconf 83' lang='lat' dir='ltr'><strong>integerrimi,</strong></span> <span class='ocrx_word' id='word_1_59' title='bbox 864 1419 906 1477; x_wconf 88' lang='lat' dir='ltr'><strong>ut</strong></span> <span class='ocrx_word' id='word_1_60' title='bbox 923 1431 986 1502; x_wconf 90' lang='lat' dir='ltr'><strong>per</strong></span> <span class='ocrx_word' id='word_1_61' title='bbox 1011 1404 1103 1474; x_wconf 87' lang='lat' dir='ltr'><strong>etuis</strong></span> 
     </span>
     <span class='ocr_line' id='line_1_13' title="bbox 156 1431 1101 1599; baseline 0.001 -29"><span class='ocrx_word' id='word_1_62' title='bbox 156 1499 409 1572; x_wconf 81' lang='lat' dir='ltr'><strong>malevolorum</strong></span> <span class='ocrx_word' id='word_1_63' title='bbox 429 1499 613 1572; x_wconf 89' lang='lat' dir='ltr'><strong>bominum</strong></span> <span class='ocrx_word' id='word_1_64' title='bbox 635 1499 945 1572; x_wconf 81' lang='lat' dir='ltr'><strong>obtrectationibus</strong></span> <span class='ocrx_word' id='word_1_65' title='bbox 968 1431 1101 1599; x_wconf 77' lang='lat' dir='ltr'><strong>objice·</strong></span> 
     </span>
     <span class='ocr_line' id='line_1_14' title="bbox 122 1597 1100 1697; baseline 0.001 -30"><span class='ocrx_word' id='word_1_66' title='bbox 122 1669 131 1674; x_wconf 64' lang='grc'><strong>,</strong></span> <span class='ocrx_word' id='word_1_67' title='bbox 155 1612 268 1670; x_wconf 85' lang='lat' dir='ltr'><strong>retur.</strong></span> <span class='ocrx_word' id='word_1_68' title='bbox 298 1600 340 1670; x_wconf 94' lang='lat' dir='ltr'><strong>Id</strong></span> <span class='ocrx_word' id='word_1_69' title='bbox 365 1615 508 1688; x_wconf 88' lang='lat' dir='ltr'><strong>tamen,</strong></span> <span class='ocrx_word' id='word_1_70' title='bbox 537 1625 583 1669; x_wconf 85' lang='lat' dir='ltr'><strong>en</strong></span> <span class='ocrx_word' id='word_1_71' title='bbox 608 1623 738 1697; x_wconf 87' lang='lat' dir='ltr'><strong>querar</strong></span> <span class='ocrx_word' id='word_1_72' title='bbox 765 1599 862 1697; x_wconf 88' lang='lat' dir='ltr'><strong>apud</strong></span> <span class='ocrx_word' id='word_1_73' title='bbox 886 1625 947 1670; x_wconf 87' lang='lat' dir='ltr'><strong>vos</strong></span> <span class='ocrx_word' id='word_1_74' title='bbox 970 1597 1100 1688; x_wconf 74' lang='lat' dir='ltr'><strong>bodie,</strong></span> 
     </span>
     <span class='ocr_line' id='line_1_15' title="bbox 156 1693 1104 1809; baseline 0.002 -45"><span class='ocrx_word' id='word_1_75' title='bbox 156 1719 204 1764; x_wconf 79' lang='lat' dir='ltr'><strong>an</strong></span> <span class='ocrx_word' id='word_1_76' title='bbox 226 1695 315 1767; x_wconf 86' lang='lat' dir='ltr'><strong>mihi</strong></span> <span class='ocrx_word' id='word_1_77' title='bbox 335 1697 449 1809; x_wconf 74' lang='lat' dir='ltr'><strong>potius</strong></span> <span class='ocrx_word' id='word_1_78' title='bbox 465 1695 632 1796; x_wconf 88' lang='lat' dir='ltr'><strong>gentique</strong></span> <span class='ocrx_word' id='word_1_79' title='bbox 655 1721 744 1766; x_wconf 83' lang='lat' dir='ltr'><strong>meae</strong></span> <span class='ocrx_word' id='word_1_80' title='bbox 765 1693 992 1794; x_wconf 85' lang='lat' dir='ltr'><strong>gratulabor,</strong></span> <span class='ocrx_word' id='word_1_81' title='bbox 1016 1696 1104 1766; x_wconf 81' lang='lat' dir='ltr'><strong>dum</strong></span> 
     </span>
     <span class='ocr_line' id='line_1_16' title="bbox 152 1791 1102 1891; baseline -0.001 -29"><span class='ocrx_word' id='word_1_82' title='bbox 152 1793 368 1891; x_wconf 75' lang='lat' dir='ltr'><strong>quotidianis</strong></span> <span class='ocrx_word' id='word_1_83' title='bbox 387 1793 667 1867; x_wconf 84' lang='lat' dir='ltr'><strong>adversariorum</strong></span> <span class='ocrx_word' id='word_1_84' title='bbox 691 1793 874 1862; x_wconf 87' lang='lat' dir='ltr'><strong>calumniis</strong></span> <span class='ocrx_word' id='word_1_85' title='bbox 888 1791 990 1864; x_wconf 82' lang='lat' dir='ltr'><strong>video</strong></span> <span class='ocrx_word' id='word_1_86' title='bbox 998 1791 1102 1862; x_wconf 79' lang='lat' dir='ltr'><strong>Nor-</strong></span> 
     </span>
     <span class='ocr_line' id='line_1_17' title="bbox 155 1889 1101 2004; baseline -0.001 -44"><span class='ocrx_word' id='word_1_87' title='bbox 155 1915 302 1962; x_wconf 87' lang='lat' dir='ltr'><strong>mannos</strong></span> <span class='ocrx_word' id='word_1_88' title='bbox 329 1889 537 2004; x_wconf 65' lang='lat' dir='ltr'><strong>provocari?</strong></span> <span class='ocrx_word' id='word_1_89' title='bbox 562 1891 706 1960; x_wconf 89' lang='lat' dir='ltr'><strong>Durum</strong></span> <span class='ocrx_word' id='word_1_90' title='bbox 731 1907 785 1960; x_wconf 90' lang='lat' dir='ltr'><strong>est</strong></span> <span class='ocrx_word' id='word_1_91' title='bbox 811 1889 957 1989; x_wconf 89' lang='lat' dir='ltr'><strong>quidem</strong></span> <span class='ocrx_word' id='word_1_92' title='bbox 992 1907 1101 1989; x_wconf 86' lang='lat' dir='ltr'><strong>atque</strong></span> 
     </span>
     <span class='ocr_line' id='line_1_18' title="bbox 153 1985 1106 2085; baseline -0.001 -28"><span class='ocrx_word' id='word_1_93' title='bbox 153 1985 400 2078; x_wconf 80' lang='lat' dir='ltr'><strong>intolerabile,</strong></span> <span class='ocrx_word' id='word_1_94' title='bbox 432 2015 504 2058; x_wconf 90' lang='lat' dir='ltr'><strong>non</strong></span> <span class='ocrx_word' id='word_1_95' title='bbox 535 2013 634 2085; x_wconf 88' lang='lat' dir='ltr'><strong>posse</strong></span> <span class='ocrx_word' id='word_1_96' title='bbox 665 1987 834 2084; x_wconf 64' lang='lat' dir='ltr'><strong>uirtutem</strong></span> <span class='ocrx_word' id='word_1_97' title='bbox 867 1985 994 2085; x_wconf 89' lang='lat' dir='ltr'><strong>sequi,</strong></span> <span class='ocrx_word' id='word_1_98' title='bbox 1031 1987 1106 2056; x_wconf 83' lang='lat' dir='ltr'><strong>nisi-</strong></span> 
     </span>
     <span class='ocr_line' id='line_1_19' title="bbox 154 2080 1100 2183; baseline -0.001 -28"><span class='ocrx_word' id='word_1_99' title='bbox 154 2111 236 2156; x_wconf 87' lang='lat' dir='ltr'><strong>eum</strong></span> <span class='ocrx_word' id='word_1_100' title='bbox 272 2087 443 2158; x_wconf 65' lang='lat' dir='ltr'><strong>invidiosa</strong></span> <span class='ocrx_word' id='word_1_101' title='bbox 470 2083 654 2157; x_wconf 89' lang='lat' dir='ltr'><strong>hominum</strong></span> <span class='ocrx_word' id='word_1_102' title='bbox 689 2101 793 2183; x_wconf 86' lang='lat' dir='ltr'><strong>gente</strong></span> <span class='ocrx_word' id='word_1_103' title='bbox 826 2080 1100 2154; x_wconf 85' lang='lat' dir='ltr'><strong>conflictandum</strong></span> 
     </span>
     <span class='ocr_line' id='line_1_20' title="bbox 108 2179 1100 2280; baseline 0.002 -28"><span class='ocrx_word' id='word_1_104' title='bbox 108 2233 114 2252; x_wconf 90' lang='lat'><strong>.</strong></span> <span class='ocrx_word' id='word_1_105' title='bbox 154 2179 223 2272; x_wconf 82' lang='lat' dir='ltr'><strong>sit3</strong></span> <span class='ocrx_word' id='word_1_106' title='bbox 250 2181 340 2254; x_wconf 88' lang='lat' dir='ltr'><strong>banc</strong></span> <span class='ocrx_word' id='word_1_107' title='bbox 359 2190 443 2257; x_wconf 82' lang='lat' dir='ltr'><strong>vero</strong></span> <span class='ocrx_word' id='word_1_108' title='bbox 467 2199 596 2254; x_wconf 81' lang='lat' dir='ltr'><strong>sortem</strong></span> <span class='ocrx_word' id='word_1_109' title='bbox 615 2181 755 2255; x_wconf 81' lang='lat' dir='ltr'><strong>babere</strong></span> <span class='ocrx_word' id='word_1_110' title='bbox 771 2209 852 2252; x_wconf 88' lang='lat' dir='ltr'><strong>cum</strong></span> <span class='ocrx_word' id='word_1_111' title='bbox 875 2183 951 2280; x_wconf 68' lang='lat' dir='ltr'><strong>ipsa</strong></span> <span class='ocrx_word' id='word_1_112' title='bbox 968 2181 1100 2254; x_wconf 83' lang='lat' dir='ltr'><strong>virtute</strong></span> 
     </span>
     <span class='ocr_line' id='line_1_21' title="bbox 156 2277 1101 2380; baseline 0 -30"><span class='ocrx_word' id='word_1_113' title='bbox 156 2303 396 2372; x_wconf 85' lang='lat' dir='ltr'><strong>communem,</strong></span> <span class='ocrx_word' id='word_1_114' title='bbox 423 2277 842 2380; x_wconf 30' lang='lat' dir='ltr'><strong>debetxperhonorificum</strong></span> <span class='ocrx_word' id='word_1_115' title='bbox 862 2278 987 2350; x_wconf 85' lang='lat' dir='ltr'><strong>videri.</strong></span> <span class='ocrx_word' id='word_1_116' title='bbox 1003 2279 1101 2350; x_wconf 91' lang='lat' dir='ltr'><strong>Nam</strong></span> 
     </span>
     <span class='ocr_line' id='line_1_22' title="bbox 154 2374 1097 2468; baseline -0.001 -21"><span class='ocrx_word' id='word_1_117' title='bbox 154 2380 236 2447; x_wconf 79' lang='lat' dir='ltr'><strong>eum</strong></span> <span class='ocrx_word' id='word_1_118' title='bbox 260 2377 358 2449; x_wconf 86' lang='lat' dir='ltr'><strong>nulla</strong></span> <span class='ocrx_word' id='word_1_119' title='bbox 376 2379 422 2452; x_wconf 91' lang='lat' dir='ltr'><strong>sit</strong></span> <span class='ocrx_word' id='word_1_120' title='bbox 436 2378 475 2449; x_wconf 90' lang='lat' dir='ltr'><strong>in</strong></span> <span class='ocrx_word' id='word_1_121' title='bbox 490 2379 654 2452; x_wconf 84' lang='lat' dir='ltr'><strong>universo</strong></span> <span class='ocrx_word' id='word_1_122' title='bbox 672 2393 848 2448; x_wconf 88' lang='lat' dir='ltr'><strong>terrarum</strong></span> <span class='ocrx_word' id='word_1_123' title='bbox 872 2374 956 2446; x_wconf 87' lang='lat' dir='ltr'><strong>orbe</strong></span> <span class='ocrx_word' id='word_1_124' title='bbox 980 2376 1097 2468; x_wconf 82' lang='lat' dir='ltr'><strong>natio,</strong></span> 
     </span>
     <span class='ocr_line' id='line_1_23' title="bbox 156 2473 1101 2576; baseline -0.001 -31"><span class='ocrx_word' id='word_1_125' title='bbox 156 2476 213 2545; x_wconf 87' lang='lat' dir='ltr'><strong>cui</strong></span> <span class='ocrx_word' id='word_1_126' title='bbox 234 2475 314 2574; x_wconf 80' lang='lat' dir='ltr'><strong>plus</strong></span> <span class='ocrx_word' id='word_1_127' title='bbox 340 2476 397 2550; x_wconf 81' lang='lat' dir='ltr'><strong>vel</strong></span> <span class='ocrx_word' id='word_1_128' title='bbox 421 2475 576 2576; x_wconf 88' lang='lat' dir='ltr'><strong>ingenii&#39;,</strong></span> <span class='ocrx_word' id='word_1_129' title='bbox 603 2473 661 2546; x_wconf 78' lang='lat' dir='ltr'><strong>vel</strong></span> <span class='ocrx_word' id='word_1_130' title='bbox 690 2473 816 2544; x_wconf 89' lang='lat' dir='ltr'><strong>indolis</strong></span> <span class='ocrx_word' id='word_1_131' title='bbox 843 2473 944 2544; x_wconf 85' lang='lat' dir='ltr'><strong>bonae</strong></span> <span class='ocrx_word' id='word_1_132' title='bbox 972 2489 1101 2544; x_wconf 81' lang='lat' dir='ltr'><strong>natma</strong></span> 
     </span>
     <span class='ocr_line' id='line_1_24' title="bbox 154 2567 1101 2677; baseline 0.001 -35"><span class='ocrx_word' id='word_1_133' title='bbox 154 2572 341 2666; x_wconf 83' lang='lat' dir='ltr'><strong>inseverit,</strong></span> <span class='ocrx_word' id='word_1_134' title='bbox 378 2577 487 2677; x_wconf 70' lang='lat' dir='ltr'><strong>qulam</strong></span> <span class='ocrx_word' id='word_1_135' title='bbox 521 2572 621 2649; x_wconf 84' lang='lat' dir='ltr'><strong>nobis</strong></span> <span class='ocrx_word' id='word_1_136' title='bbox 632 2599 644 2663; x_wconf 84' lang='lat'>3</span> <span class='ocrx_word' id='word_1_137' title='bbox 670 2569 778 2674; x_wconf 86' lang='lat' dir='ltr'><strong>idque</strong></span> <span class='ocrx_word' id='word_1_138' title='bbox 806 2571 923 2670; x_wconf 86' lang='lat' dir='ltr'><strong>ipsum</strong></span> <span class='ocrx_word' id='word_1_139' title='bbox 951 2567 1101 2642; x_wconf 88' lang='lat' dir='ltr'><strong>inficiari</strong></span> 
     </span>
    </p>

    <p class='ocr_par' dir='ltr' id='par_1_7' title="bbox 153 2668 1103 2857">
     <span class='ocr_line' id='line_1_25' title="bbox 180 2668 1103 2760; baseline -0.002 -19"><span class='ocrx_word' id='word_1_140' title='bbox 180 2669 273 2741; x_wconf 76' lang='lat' dir='ltr'><strong>albin</strong></span> <span class='ocrx_word' id='word_1_141' title='bbox 295 2672 486 2745; x_wconf 83' lang='lat' dir='ltr'><strong>adversarii</strong></span> <span class='ocrx_word' id='word_1_142' title='bbox 507 2698 578 2744; x_wconf 91' lang='lat' dir='ltr'><strong>non</strong></span> <span class='ocrx_word' id='word_1_143' title='bbox 601 2670 777 2760; x_wconf 84' lang='lat' dir='ltr'><strong>audeant,</strong></span> <span class='ocrx_word' id='word_1_144' title='bbox 797 2668 887 2740; x_wconf 88' lang='lat' dir='ltr'><strong>bano</strong></span> <span class='ocrx_word' id='word_1_145' title='bbox 905 2669 1103 2740; x_wconf 84' lang='lat' dir='ltr'><strong>ineundam</strong></span> 
     </span>
     <span class='ocr_line' id='line_1_26' title="bbox 153 2697 1099 2857; baseline 0.002 -20"><span class='ocrx_word' id='word_1_146' title='bbox 153 2697 334 2839; x_wconf 71' lang='lat' dir='ltr'><strong>duxerunt</strong></span> <span class='ocrx_word' id='word_1_147' title='bbox 361 2771 405 2841; x_wconf 89' lang='lat' dir='ltr'><strong>de</strong></span> <span class='ocrx_word' id='word_1_148' title='bbox 425 2769 641 2840; x_wconf 85' lang='lat' dir='ltr'><strong>Normannis</strong></span> <span class='ocrx_word' id='word_1_149' title='bbox 662 2767 896 2840; x_wconf 83' lang='lat' dir='ltr'><strong>maledicendi</strong></span> <span class='ocrx_word' id='word_1_150' title='bbox 914 2766 1030 2857; x_wconf 75' lang='lat' dir='ltr'><strong>riam,</strong></span> <span class='ocrx_word' id='word_1_151' title='bbox 1057 2783 1099 2839; x_wconf 86' lang='lat' dir='ltr'><strong>ut</strong></span> 
     </span>
    </p>
   </div>
   <div class='ocr_carea' id='block_1_6' title="bbox 155 2863 1210 2965">
    <p class='ocr_par' dir='ltr' id='par_1_8' title="bbox 155 2863 1210 2965">
     <span class='ocr_line' id='line_1_27' title="bbox 155 2863 1210 2965; baseline -0.003 -29"><span class='ocrx_word' id='word_1_152' title='bbox 155 2864 253 2936; x_wconf 86' lang='lat' dir='ltr'><strong>dotes</strong></span> <span class='ocrx_word' id='word_1_153' title='bbox 273 2863 350 2936; x_wconf 90' lang='lat' dir='ltr'><strong>illas</strong></span> <span class='ocrx_word' id='word_1_154' title='bbox 369 2867 701 2965; x_wconf 84' lang='lat' dir='ltr'><strong>praestantissimas,</strong></span> <span class='ocrx_word' id='word_1_155' title='bbox 723 2864 854 2964; x_wconf 84' lang='lat' dir='ltr'><strong>quibus</strong></span> <span class='ocrx_word' id='word_1_156' title='bbox 873 2863 1099 2954; x_wconf 84' lang='lat' dir='ltr'><strong>excellimus,</strong></span> <span class='ocrx_word' id='word_1_157' title='bbox 1204 2937 1210 2954; x_wconf 59' lang='grc'><strong>,</strong></span> 
     </span>
    </p>
   </div>
   <div class='ocr_carea' id='block_1_7' title="bbox 154 2965 1099 3160">
    <p class='ocr_par' dir='ltr' id='par_1_9' title="bbox 154 2965 1099 3160">
     <span class='ocr_line' id='line_1_28' title="bbox 154 2965 778 3077; baseline 0 -45"><span class='ocrx_word' id='word_1_158' title='bbox 154 2987 312 3062; x_wconf 75' lang='lat' dir='ltr'><strong>pejorem</strong></span> <span class='ocrx_word' id='word_1_159' title='bbox 332 2965 370 3034; x_wconf 90' lang='lat' dir='ltr'><strong>in</strong></span> <span class='ocrx_word' id='word_1_160' title='bbox 389 2981 526 3077; x_wconf 73' lang='lat' dir='ltr'><strong>partem</strong></span> <span class='ocrx_word' id='word_1_161' title='bbox 547 2965 778 3037; x_wconf 78' lang='lat' dir='ltr'><strong>inverterent.</strong></span> 
     </span>
     <span class='ocr_line' id='line_1_29' title="bbox 202 3058 1099 3160; baseline -0.003 -28"><span class='ocrx_word' id='word_1_162' title='bbox 202 3061 462 3160; x_wconf 85' lang='lat' dir='ltr'><strong>&#39;Audiistis1psi</strong></span> <span class='ocrx_word' id='word_1_163' title='bbox 490 3062 613 3134; x_wconf 82' lang='lat' dir='ltr'><strong>vestris</strong></span> <span class='ocrx_word' id='word_1_164' title='bbox 632 3060 805 3150; x_wconf 86' lang='lat' dir='ltr'><strong>auribus,</strong></span> <span class='ocrx_word' id='word_1_165' title='bbox 831 3062 940 3158; x_wconf 69' lang='lat' dir='ltr'><strong>quam</strong></span> <span class='ocrx_word' id='word_1_166' title='bbox 962 3058 1099 3129; x_wconf 87' lang='lat' dir='ltr'><strong>duriter</strong></span> 
     </span>
    </p>
   </div>
   <div class='ocr_carea' id='block_1_8' title="bbox 79 3154 1098 3842">
    <p class='ocr_par' dir='ltr' id='par_1_10' title="bbox 79 3154 1098 3842">
     <span class='ocr_line' id='line_1_30' title="bbox 156 3154 1098 3258; baseline -0.001 -30"><span class='ocrx_word' id='word_1_167' title='bbox 156 3174 193 3228; x_wconf 88' lang='lat' dir='ltr'><strong>et</strong></span> <span class='ocrx_word' id='word_1_168' title='bbox 212 3156 337 3229; x_wconf 77' lang='lat' dir='ltr'><strong>acerbe</strong></span> <span class='ocrx_word' id='word_1_169' title='bbox 364 3185 426 3230; x_wconf 88' lang='lat' dir='ltr'><strong>nos</strong></span> <span class='ocrx_word' id='word_1_170' title='bbox 448 3157 659 3248; x_wconf 80' lang='lat' dir='ltr'><strong>habuerint,</strong></span> <span class='ocrx_word' id='word_1_171' title='bbox 677 3173 809 3258; x_wconf 89' lang='lat' dir='ltr'><strong>quanto</strong></span> <span class='ocrx_word' id='word_1_172' title='bbox 831 3183 912 3227; x_wconf 87' lang='lat' dir='ltr'><strong>cum</strong></span> <span class='ocrx_word' id='word_1_173' title='bbox 929 3154 1098 3227; x_wconf 87' lang='lat' dir='ltr'><strong>dedecore</strong></span> 
     </span>
     <span class='ocr_line' id='line_1_31' title="bbox 154 3251 1097 3356; baseline -0.003 -30"><span class='ocrx_word' id='word_1_174' title='bbox 154 3255 400 3342; x_wconf 84' lang='lat' dir='ltr'><strong>traduxerint,</strong></span> <span class='ocrx_word' id='word_1_175' title='bbox 427 3259 535 3356; x_wconf 74' lang='lat' dir='ltr'><strong>quam</strong></span> <span class='ocrx_word' id='word_1_176' title='bbox 557 3256 730 3326; x_wconf 77' lang='lat' dir='ltr'><strong>malitiose</strong></span> <span class='ocrx_word' id='word_1_177' title='bbox 748 3253 905 3353; x_wconf 87' lang='lat' dir='ltr'><strong>geminas</strong></span> <span class='ocrx_word' id='word_1_178' title='bbox 924 3251 1002 3322; x_wconf 87' lang='lat' dir='ltr'><strong>illas</strong></span> <span class='ocrx_word' id='word_1_179' title='bbox 1022 3251 1097 3324; x_wconf 86' lang='lat' dir='ltr'><strong>vir·</strong></span> 
     </span>
     <span class='ocr_line' id='line_1_32' title="bbox 79 3349 1096 3464; baseline -0.003 -40"><span class='ocrx_word' id='word_1_180' title='bbox 79 3359 103 3376; x_wconf 87' lang='grc'>”</span> <span class='ocrx_word' id='word_1_181' title='bbox 152 3369 248 3425; x_wconf 83' lang='lat' dir='ltr'><strong>tutes</strong></span> <span class='ocrx_word' id='word_1_182' title='bbox 266 3353 530 3453; x_wconf 86' lang='lat' dir='ltr'><strong>interpretando</strong></span> <span class='ocrx_word' id='word_1_183' title='bbox 546 3353 584 3422; x_wconf 91' lang='lat' dir='ltr'><strong>in</strong></span> <span class='ocrx_word' id='word_1_184' title='bbox 591 3351 753 3464; x_wconf 68' lang='lat' dir='ltr'><strong>Proxima</strong></span> <span class='ocrx_word' id='word_1_185' title='bbox 765 3349 851 3421; x_wconf 86' lang='lat' dir='ltr'><strong>vitia</strong></span> <span class='ocrx_word' id='word_1_186' title='bbox 872 3350 1096 3421; x_wconf 82' lang='lat' dir='ltr'><strong>deterserint.</strong></span> 
     </span>
     <span class='ocr_line' id='line_1_33' title="bbox 156 3445 1096 3552; baseline -0.004 -31"><span class='ocrx_word' id='word_1_187' title='bbox 156 3451 278 3541; x_wconf 84' lang='lat' dir='ltr'><strong>Quare</strong></span> <span class='ocrx_word' id='word_1_188' title='bbox 301 3445 342 3523; x_wconf 78' lang='lat' dir='ltr'><strong>ut</strong></span> <span class='ocrx_word' id='word_1_189' title='bbox 368 3454 489 3552; x_wconf 74' lang='lat' dir='ltr'><strong>aperte</strong></span> <span class='ocrx_word' id='word_1_190' title='bbox 519 3448 617 3533; x_wconf 73' lang='lat' dir='ltr'><strong>vobis</strong></span> <span class='ocrx_word' id='word_1_191' title='bbox 648 3449 906 3547; x_wconf 86' lang='lat' dir='ltr'><strong>persuadeam,</strong></span> <span class='ocrx_word' id='word_1_192' title='bbox 929 3447 1096 3538; x_wconf 79' lang='lat' dir='ltr'><strong>ludices,</strong></span> 
     </span>
     <span class='ocr_line' id='line_1_34' title="bbox 154 3544 1098 3648; baseline -0.004 -28"><span class='ocrx_word' id='word_1_193' title='bbox 154 3547 290 3620; x_wconf 86' lang='lat' dir='ltr'><strong>nullam</strong></span> <span class='ocrx_word' id='word_1_194' title='bbox 319 3566 393 3621; x_wconf 80' lang='lat' dir='ltr'><strong>esse</strong></span> <span class='ocrx_word' id='word_1_195' title='bbox 417 3550 456 3620; x_wconf 90' lang='lat' dir='ltr'><strong>in</strong></span> <span class='ocrx_word' id='word_1_196' title='bbox 478 3545 596 3619; x_wconf 72' lang='lat' dir='ltr'><strong>Gallia</strong></span> <span class='ocrx_word' id='word_1_197' title='bbox 616 3563 777 3648; x_wconf 83' lang='lat' dir='ltr'><strong>gentem,</strong></span> <span class='ocrx_word' id='word_1_198' title='bbox 802 3548 874 3646; x_wconf 72' lang='lat' dir='ltr'><strong>qud</strong></span> <span class='ocrx_word' id='word_1_199' title='bbox 899 3544 1098 3616; x_wconf 90' lang='lat' dir='ltr'><strong>Normanni</strong></span> 
     </span>
     <span class='ocr_line' id='line_1_35' title="bbox 155 3643 1096 3743; baseline 0.002 -30"><span class='ocrx_word' id='word_1_200' title='bbox 155 3647 350 3743; x_wconf 86' lang='lat' dir='ltr'><strong>superiores</strong></span> <span class='ocrx_word' id='word_1_201' title='bbox 366 3646 479 3723; x_wconf 83' lang='lat' dir='ltr'><strong>videri</strong></span> <span class='ocrx_word' id='word_1_202' title='bbox 495 3672 567 3717; x_wconf 90' lang='lat' dir='ltr'><strong>non</strong></span> <span class='ocrx_word' id='word_1_203' title='bbox 590 3645 743 3717; x_wconf 86' lang='lat' dir='ltr'><strong>debeant</strong></span> <span class='ocrx_word' id='word_1_204' title='bbox 757 3673 769 3736; x_wconf 91' lang='lat'>;</span> <span class='ocrx_word' id='word_1_205' title='bbox 791 3643 857 3714; x_wconf 91' lang='lat' dir='ltr'><strong>boc</strong></span> <span class='ocrx_word' id='word_1_206' title='bbox 879 3671 991 3715; x_wconf 89' lang='lat' dir='ltr'><strong>unum</strong></span> <span class='ocrx_word' id='word_1_207' title='bbox 1007 3643 1096 3715; x_wconf 90' lang='lat' dir='ltr'><strong>mibi</strong></span> 
     </span>
     <span class='ocr_line' id='line_1_36' title="bbox 154 3738 1097 3842; baseline -0.001 -29"><span class='ocrx_word' id='word_1_208' title='bbox 154 3738 354 3819; x_wconf 81' lang='lat' dir='ltr'><strong>faciendum</strong></span> <span class='ocrx_word' id='word_1_209' title='bbox 379 3743 572 3835; x_wconf 84' lang='lat' dir='ltr'><strong>incmnbit‚</strong></span> <span class='ocrx_word' id='word_1_210' title='bbox 601 3762 643 3816; x_wconf 89' lang='lat' dir='ltr'><strong>ut</strong></span> <span class='ocrx_word' id='word_1_211' title='bbox 668 3743 765 3834; x_wconf 86' lang='lat' dir='ltr'><strong>illas,</strong></span> <span class='ocrx_word' id='word_1_212' title='bbox 798 3741 938 3842; x_wconf 51' lang='lat' dir='ltr'><strong>quibus,</strong></span> <span class='ocrx_word' id='word_1_213' title='bbox 953 3741 1097 3812; x_wconf 82' lang='lat' dir='ltr'><strong>insitam</strong></span> 
     </span>
    </p>
   </div>
   <div class='ocr_carea' id='block_1_9' title="bbox 0 0 1388 4412">
    <p class='ocr_par' dir='ltr' id='par_1_11' title="bbox 0 0 1388 4412">
     <span class='ocr_line' id='line_1_37' title="bbox 0 0 1388 4412; baseline 0 1"><span class='ocrx_word' id='word_1_214' title='bbox 0 0 1388 4412; x_wconf 95' lang='lat' dir='ltr'><strong> </strong></span> 
     </span>
    </p>
   </div>
  </div>
 </body>
</html>
