2760 4416
311 207 382 280 &6
516 224 978 309 ⁴unnronrcn

309 328 464 428 gendum
481 351 522 398 tu
568 341 659 418 rest,
682 326 721 397 id
748 326 895 399 vulnere
914 341 1029 398 vestro
1045 327 1247 418 maturius,

307 427 499 525 qudmsuo
518 353 590 496 llio
607 425 707 496 extin
755 440 849 496 atur.
878 423 1076 494 innumeris
1092 451 1155 524 pro
1176 451 1244 523 pn-

308 523 378 594 trit
396 517 580 593 defimctus
598 451 777 594 laboribiis
793 547 834 592 ac
853 520 1042 622 periculis,
1086 547 1170 592 enes
1184 548 1249 592 vos

309 620 399 711 erit,
409 617 574 710 Judices,
590 637 650 710 ut,
665 636 728 690 aut
742 620 919 732 ingratam
935 619 1045 692 vitam
1055 549 1214 690 deseram
1233 670 1247 710 ,

310 733 374 788 aut
401 717 497 816 quod
520 717 731 816 exigendum
757 734 839 789 v1tae
861 732 1044 816 superest,
1076 719 1158 788 ante
1181 715 1252 788 acti

307 814 473 914 temporis
490 813 665 887 molestias
677 813 923 916 quoquomodo
939 811 1147 888 consoletur.
1253 841 1260 856 ·

514 1013 1041 1102 nurotus‚Memater.

360 1203 399 1275 Si
410 1193 575 1275 mentitas
585 1197 761 1302 falsasque
777 1201 877 1276 sortis
890 1227 962 1274 suae
976 1199 1152 1273 molestias
1168 1198 1254 1274 ficut
1271 1173 1274 1180 ⁴

310 1317 348 1372 et
358 1301 475 1372 inutili
486 1299 705 1470 guerimonid
720 1299 888 1400 persequi
903 1299 986 1372 satis
995 1297 1177 1370 habuisset
1193 1299 1253 1370 in·

188 1411 204 1438 ‘
311 1395 426 1496 justus
440 1400 489 1468 Po
504 1425 608 1470 emon
623 1449 635 1489 ,
656 1425 772 1498 neque
788 1414 921 1468 nostros
941 1397 1099 1468 omnium
1113 1395 1255 1468 labores

204 1575 213 1586 ἱ
312 1497 508 1568 ecdurum
538 1496 734 1595 praesertim
757 1497 998 1568 Mercatorum
1020 1493 1254 1566 conditionem

312 1593 553 1707 despexisset,
577 1593 736 1666 tulissem
759 1593 919 1694 aequius,
944 1591 1112 1684 Judices,
1142 1608 1179 1662 et
1206 1591 1253 1662 de

311 1691 446 1764 Mittit
461 1689 518 1764 vel
528 1691 683 1796 iniquitis
697 1719 741 1762 ex
787 1689 979 1762 stulantem
989 1687 1250 1762 sustinuissem.

313 1790 449 1863 Verom
461 1789 541 1890 quis
553 1787 645 1862 l'crat
652 1789 732 1860 insu
749 1806 883 1862 tantem
897 1787 1022 1860 alienae
1033 1785 1253 1858 calamitatil

312 1883 419 1985 quis,
438 1886 584 1958 unicum
601 1884 751 1960 miseriae
776 1902 906 1958 nostrae
932 1883 1119 1974 solatium,
1140 1881 1259 1980 justos

49 2061 52 2070 ,
179 2029 185 2046 ι
313 1983 559 2084 legitimosque
576 1985 726 2082 gemitus
743 1982 894 2054 invideri
907 1979 1009 2052 nobis
1020 1977 1188 2080 patiatur.

363 2081 434 2192 §ed
450 2107 516 2189 age
537 2085 641 2178 porro
659 2129 671 2170 ,
687 2077 797 2247 guid
810 2073 996 2178 quereris?
1018 2075 1106 2177 quid
1128 2075 1254 2176 lugesl

310 2176 402 2345 u*
417 2173 1255 2345 durttttttutuztttt

314 2301 474 2469 inliliiibite
484 2419 496 2462 ‚
507 2371 530 2444 J
533 2369 669 2461 udices,
683 2370 866 2540 elladi?
875 2323 1057 2442 adcalcesb
1067 2367 1258 2472 diligenter

203 2531 205 2539 ,
310 2467 546 2562 considerate.
580 2466 695 2540 Video
717 2467 782 2540 niti
868 2463 1095 2548 aoflorentes
1117 2493 1258 2566 genas,

315 2582 456 2638 tensam
465 2563 575 2662 probb
591 2581 628 2636 et
636 2591 738 2636 succo
749 2564 930 2666 pinguiore
941 2561 1106 2636 refertam
1115 2580 1257 2654 cutem,

314 2686 425 2758 quam
441 2687 506 2730 nec
524 2659 603 2730 solis
619 2673 749 2752 cestus,
767 2689 832 2734 nec
846 2660 961 2760 pulvis
971 2659 1108 2732 decolor
1124 2659 1257 2732 obscu-

291 2755 420 2828 eavit.
445 2753 559 2828 Nulla
582 2755 726 2828 cicatrix
756 2757 796 2830 in
824 2755 952 2848 vultu,
985 2783 1067 2857 quae
1093 2758 1255 2830 decorem

314 2850 462 2942 tronus,
479 2850 537 2926 vel
548 2849 616 2924 oris
626 2847 823 2954 speciemet
838 2853 1052 2955 elegantiam
1068 2853 1113 2928 de
1218 2872 1254 2928 t:

315 2949 406 3024 nibil
421 2948 479 3022 vel
493 2949 644 3022 recisum
658 2949 698 3022 in
716 2949 867 3024 brachiis
887 2949 946 3024 vel
968 2945 1142 3024 offensum
1160 2981 1181 3024 o
1205 2951 1255 3051 ji·

303 3049 424 3120 ‘sitim'
442 3047 580 3122 Canora
597 3077 684 3140 vox,
703 3049 817 3124 latera
832 3045 963 3141 firma,
983 3049 1137 3122 robusta
1160 3050 1254 3122 vires

316 3173 358 3234 ac
372 3161 506 3246 vegetae
529 3147 686 3220 nondbm
708 3143 896 3222 infractam
915 3146 1095 3220 laboribus
1122 3147 1259 3220 bellicis

315 3243 556 3316 valetudinem
569 3261 734 3348 arguunt.
753 3245 833 3317 Stat
847 3271 970 3344 corpus
993 3245 1085 3318 belle
1101 3243 1171 3316 suis
1188 3273 1256 3344 pe·

316 3341 448 3434 dibus,
474 3341 544 3414 nisi
565 3339 654 3414 forte
680 3341 747 3415 sub
771 3341 929 3414 crassiori
953 3341 1044 3416 mole
1059 3342 1257 3415 identidem

316 3435 495 3512 fatiscant.
511 3439 658 3512 Hioeine
670 3439 755 3516 belli
765 3435 921 3532 fiacus,
957 3439 1261 3513 uostammiseros

291 3537 293 3544 ’
316 3535 502 3706 (16ξὶηρεὲ
525 3537 620 3610 Tam
638 3565 739 3610 sanos
757 3539 905 3612 remittit
967 3537 1079 3630 ‘'tin,
1101 3554 1176 3610 tam
1198 3538 1257 3614 vi·

203 3673 213 3680 ’
318 3636 354 3707 vi
381 3663 438 3724 os,
457 3650 530 3706 tam
544 3633 729 3706 valentes?

330 3817 335 3824 .
369 3733 589 3834 Quanquaim
602 3731 726 3806 demus
744 3729 810 3806 hoc
825 3733 917 3808 tibi:
932 3692 1259 3807 molestinsbabeat
