2766 4412
339 245 414 341 Mo
551 263 995 340 ‚aaaronrea

337 371 405 444 hac
422 369 584 460 civitate,
604 385 747 482 totoque
769 369 856 442 adeo
881 369 1028 470 imperio
1041 365 1144 444 bene
1168 367 1279 446 meri·

267 463 270 479 '
338 485 416 538 urm
443 496 454 538 s
480 467 637 538 dolemus
662 495 824 542 vuume
867 468 1007 568 egium,
1032 470 1138 540 etad
1161 473 1281 544 omnia

337 564 442 663 Reip.
468 591 617 637 munera
640 593 710 636 non
732 581 806 636 tam
843 563 986 656 actum,
1008 569 1116 664 quam
1129 582 1278 660 natum,

334 661 386 734 ita
406 664 552 760 repente
578 663 790 752 concidisse,
820 678 862 733 ut
886 663 933 732 ad
951 664 1199 759 capessendam
1221 653 1282 766 ge·

335 759 553 860 rendamque
593 759 826 860 dignitatem,
860 763 933 858 qud
962 757 1104 831 functus
1136 787 1174 832 es
1204 777 1281 834 tam

335 857 473 956 egregie
494 856 540 927 ad
564 853 657 928 hunc
682 884 794 968 uscpue
820 855 944 948 diem,
972 854 1112 956 ineptus
1136 859 1282 930 omnini)

334 953 499 1036 evaseris.
514 951 640 1025 Habet·
648 954 945 1027 sanctissimorum
962 949 1164 1026 Nominum
1182 957 1281 1028 Reli-

291 1043 296 1052 ’
360 1049 392 1120 ὀ
409 1051 505 1150 quod
527 1067 762 1150 conqueratur
779 1067 939 1150 ereptum
956 1051 1022 1120 sibi
1038 1052 1141 1124 illum
1156 1053 1282 1124 Ponti·

229 1239 232 1246 Ι
360 1171 460 1239 cem,
492 1148 554 1248 qui
576 1165 673 1218 tanto
695 1147 835 1246 pietatis
855 1147 993 1238 studio,
1016 1165 1091 1220 tam
1110 1151 1176 1220 sin'
1189 1149 1283 1222 ulari

335 1243 398 1316 dili
423 1245 519 1316 entia
544 1271 599 1316 res
625 1271 739 1315 sacras
767 1243 936 1316 hactenus
963 1245 1111 1318 obierat.
1177 1251 1282 1320 enlm

334 1273 423 1442 quid
442 1340 539 1412 eliud
554 1343 663 1441 possit
679 1341 842 1442 deinceps
856 1344 919 1414 tud
931 1346 1035 1414 causa
1047 1342 1122 1416 haec
1134 1343 1281 1436 civitas,

334 1442 444 1540 quam
479 1438 621 1511 doleret
657 1465 766 1540 quam
793 1465 923 1514 navare
948 1439 1015 1536 ipsi
1043 1439 1109 1511 tibi
1136 1468 1282 1542 operam

334 1564 545 1636 possumus,
567 1563 612 1608 ex
635 1562 706 1649 quo
727 1536 842 1608 oculos
860 1531 1033 1608 amisisti?
1056 1563 1104 1610 an
1123 1563 1163 1608 su
1190 1555 1283 1612 erest

335 1633 402 1704 tibi
437 1629 583 1710 facultas
617 1633 738 1735 aliqua
770 1634 864 1706 unde
903 1633 1066 1732 supplere
1101 1565 1282 1708 oculonnn

334 1729 1283 1831 vicemliceatlTuneipseeumretineremagistratum

336 1829 533 1921 sustineas,
560 1827 660 1928 cujus
681 1829 888 1928 peragendis
906 1823 1026 1902 officiis
1051 1827 1226 1929 imparem
1243 1845 1283 1902 te

188 1981 258 2022 ‚.
337 1926 420 1998 satis
443 1925 624 2027 experiris.
951 1949 953 1956 '

145 2003 325 2120 '’ffiffl‘
386 2025 575 2124 Namque
594 2022 738 2094 tandem
765 2036 865 2119 pacto
884 2021 989 2092 sacris
1016 2023 1222 2123 praepositus
1245 2036 1284 2097 et

163 2137 228 2212 0⁰3²
245 2119 584 2200 aposacn'ficiorum
595 2117 752 2193 omnium
764 2145 948 2218 supremus
961 2119 1160 2192 moderator
1174 2137 1283 2223 atque

147 2199 326 2319 ἷζζὴξξζξγξζθ
340 2221 471 2294 arbiter
499 2213 651 2314 aspicere
682 2216 791 2316 possis
820 2215 979 2288 volatum
999 2218 1118 2290 avium
1143 2235 1206 2290 aut
1224 2245 1283 2290 ea·

147 2327 252 2396 vohun
284 2350 325 2384 sut
339 2315 500 2389 rumdem
516 2330 658 2414 pastum
672 2311 877 2387 observare?
892 2318 964 2416 qud
973 2315 1109 2388 ratione
1123 2316 1283 2388 solennes

85 2491 89 2502 ,
146 2407 325 2527 ffifflnngue
339 2411 426 2485 ritus
444 2427 480 2486 et
494 2439 608 2484 sacras
624 2409 794 2486 adhibere
811 2411 1044 2504 ceremonias,
1064 2411 1138 2484 sine
1152 2413 1284 2511 quibus

146 2495 260 2586 tupris„
287 2547 325 2576 a·
339 2525 431 2588 stare
453 2507 592 2610 Religio
610 2539 688 2621 'non
712 2509 851 2583 valeat?
871 2509 975 2580 Tune
999 2509 1180 2580 immolare
1207 2509 1284 2582 vic·

146 2591 325 2706 ffl‘mpgffiffi
338 2605 441 2676 timae
474 2625 510 2678 et
545 2632 659 2678 vanos
685 2605 932 2706 palpitantium
967 2604 1081 2676 adhuc
1110 2606 1285 2680 Extorum

29 2763 31 2778 ,
145 2730 231 2770 notu.
337 2717 453 2777 motus
481 2702 652 2800 inspicere
682 2719 746 2774 aut
778 2702 988 2800 perscrutari
1023 2715 1144 2800 captus
1176 2702 1284 2776 oculis
1373 2793 1375 2800 Ι

338 2798 571 2916 aggrediarel
597 2797 736 2872 Tamen
756 2798 831 2872 heac
848 2817 929 2872 sunt
954 2799 1085 2900 quibus
1102 2797 1285 2874 Pontificia

339 2895 507 2998 dignitas
526 2898 728 2970 continetur
734 2924 747 2989 3
784 2897 839 2970 his
882 2897 1062 2968 attendere
1105 2924 1285 2974 summum
1361 2939 1374 2975 ,r

340 2993 566 3068 Sacerdotem
588 3011 750 3094 oportet,
778 3011 814 3066 et
839 2993 877 3066 in
898 2993 1024 3066 iisdem
1043 3011 1158 3068 totum
1181 3024 1284 3068 occu·

225 3105 238 3120 *
339 3093 431 3195 pari.
452 3093 558 3186 Quod
576 3093 643 3165 nisi
659 3108 856 3192 exequatur
875 3091 1080 3194 diligenter,
1104 3121 1144 3164 ac
1163 3093 1285 3166 sedulo
1361 3162 1366 3177 ,

248 3195 250 3202 '
340 3207 507 3303 peragat,
528 3189 658 3288 jacebit
677 3190 819 3262 iuterim
840 3191 1002 3280 Deorum
1014 3187 1171 3290 Religio,
1191 3218 1285 3264 cerea
1369 3185 1371 3232 ἶ

339 3287 739 3390 monrae‘negligentur,
780 3304 815 3360 et
844 3287 956 3359 omnis
988 3313 1164 3358 sacrorum
1194 3289 1284 3362 ritus

340 3385 481 3487 penitus
504 3386 689 3458 exolescet.
717 3385 797 3457 Erit
812 3385 978 3457 nimirum
999 3401 1155 3456 cessante
1174 3399 1212 3456 at
1237 3413 1284 3459 ue

340 3482 473 3556 otiante
500 3476 689 3574 Pontifice,
716 3483 778 3596 qui
793 3483 953 3556 Deorum
976 3481 1196 3553 voluntatem
1213 3411 1285 3556 ilu-

340 3579 408 3652 biis
432 3582 470 3652 in
497 3580 604 3652 rebus
631 3579 816 3680 exquirat?
871 3577 907 3650 ui
931 3577 1069 3677 placare
1092 3579 1200 3651 iratos
1227 3607 1284 3652 su-

340 3704 442 3777 peros
461 3704 526 3778 per
542 3673 710 3748 sacrificia
721 3693 876 3776 satagat.
896 3675 957 3776 qui
969 3673 1074 3775 Reip.
1091 3677 1283 3750 detrimen-

341 3775 449 3846 tisire
462 3769 1156 3924 obviampiacular'esoffcrcudovictimas
1164 3800 1285 3852 neces·

340 3870 472 3950 Salium
488 3887 590 3978 pulei
608 3927 619 3949 ο
974 3875 992 3884 ··

1071 4005 1078 4036 Ι
