2760 4416
302 229 373 302 513
548 247 977 298 ‘aaaronrclr
1081 213 1094 284 ι’

350 351 402 421 At
434 345 498 449 qui
528 373 629 418 suam
653 347 757 419 modb
788 364 916 419 sortem
940 348 1145 420 incusarunt
1168 363 1247 422 tant

300 447 481 548 graviter,
505 471 728 546 quocumque
744 447 887 518 tandem
903 461 1003 544 pacto
1019 445 1057 516 id
1072 444 1244 535 fecerint,

301 543 525 618 excusatione
547 543 673 614 saltem
697 543 817 643 aliqud
837 571 908 616 non
931 559 1057 618 vacant
1069 572 1081 636 3
1112 541 1246 642 quibus

300 659 375 712 tam
407 641 526 740 ampla
554 640 762 712 calamitatis
787 641 880 714 illius
908 667 1013 734 sure,
1051 667 1161 742 quam
1184 639 1245 711 vel

300 734 495 851 lingerent,
520 739 578 810 vel
601 743 726 811 reverd
747 755 974 838 paterentur,
996 735 1134 810 vmerces
1159 763 1245 836 pro*
1367 745 1368 776 ³

299 853 414 936 posita
443 836 501 908 sit.
537 836 735 908 Audivistis
747 889 759 929 ,
793 837 961 928 Judices,
994 835 1083 949 quid
1113 861 1177 935 pro
1206 860 1247 906 so

301 935 453 1046 quisque
466 935 616 1007 invicem
626 935 774 1026 dixerit3
789 937 897 1035 qulm
907 935 1034 1008 natirrs
1043 933 1247 1030 viridisque

299 1030 473 1103 colonbus
499 1033 704 1104 conditionis
730 1059 803 1104 suae
826 1033 1013 1124 miserias,
1039 1031 1244 1120 volueras,

299 1130 357 1200 vel
381 1128 486 1202 falsas
510 1130 743 1204 adumbrarit.
768 1131 885 1203 Nemo
912 1157 1035 1202 eorum
1055 1155 1148 1200 unus
1173 1153 1248 1198 non

293 1225 474 1318 disertus,
494 1257 566 1300 non
577 1229 744 1330 eloquens
752 1231 791 1300 in
799 1229 941 1329 proprib
952 1229 1057 1300 cauca
1065 1227 1161 1298 risus
1175 1241 1245 1296 est.

300 1325 403 1396 Adeo
419 1325 477 1397 vel
492 1325 702 1398 indisertum
715 1353 894 1428 quemque
906 1325 1092 1398 nectarites
1103 1323 1245 1414 erudit,

300 1439 338 1493 et
361 1423 510 1494 rudibus
534 1425 641 1495 etiam
667 1441 775 1526 atque
792 1423 963 1524 imperitis
986 1449 1063 1524 spes
1083 1421 1171 1492 lucri
1189 1417 1247 1491 fa·

302 1521 468 1591 cundiam
489 1520 659 1622 inspirat!
964 1600 966 1614 Ι

352 1618 449 1690 Nam
467 1621 544 1719 quis
558 1635 775 1720 expectasset
794 1624 816 1691 ὲ
829 1619 966 1710 Milite,
986 1616 1157 1691 utrarios
1169 1615 1247 1687 Mi-

301 1712 389 1786 litiae
410 1715 573 1807 laborm,
597 1745 724 1804 casus,
746 1717 924 1818 pericula,
950 1733 1025 1788 tam
1042 1714 1152 1804 belle,
1171 1729 1249 1785 tam

301 1811 479 1904 solerter,
509 1831 584 1884 tem
612 1813 777 1914 graphice
805 1811 1051 1887 describeret?
1089 1810 1251 1978 sabljecst

301 1909 485 1981 enimverlt
497 1911 623 1983 vestris
644 1911 751 1984 oculis
769 1929 996 2012 perpetuam,
1023 1935 1130 2008 quam
1167 1935 1251 1980 erre

192 2013 195 2020 ⁴
303 2025 512 2106 cogeretur,
539 2010 634 2079 inter
648 2009 789 2098 hostes,
814 2023 974 2118 pugnas,
1001 2021 1160 2105 strages,
1187 2006 1249 2074 in·

304 2104 446 2194 cendia,
468 2105 606 2194 caedes,
629 2104 750 2174 mortis
770 2105 975 2205 imaginem.
995 2101 1077 2174 Non
1094 2101 1191 2192 siluit
1205 2119 1250 2174 ut

301 2199 414 2272 rioms
444 2203 586 2292 tenuis,
616 2202 764 2274 vestitus
791 2229 916 2300 asper,
940 2213 1044 2272 rarus
1072 2225 1245 2292 somnus,

302 2291 506 2396 frequentes
533 2297 689 2397 vigiliae,
721 2298 823 2370 humi
847 2295 987 2370 cubitus
1003 2295 1167 2370 ferendus
1187 2297 1247 2367 in·

193 2445 195 2450 μ
303 2393 499 2466 cumberet.
527 2396 610 2468 Jam
631 2394 716 2467 belli
734 2393 868 2468 fructus
891 2397 1034 2467 miseros
1054 2421 1248 2494 repraesen-

303 2491 394 2564 tavit
424 2491 471 2562 ad
497 2494 647 2564 vivum:
682 2509 725 2564 ut
752 2492 810 2564 hic
838 2509 996 2594 stirpatur
1030 2491 1249 2564 cicatricibus

303 2613 410 2685 genas
441 2605 688 2680 monstraret,
725 2589 792 2660 iste
817 2607 994 2662 truncatas
1023 2615 1153 2680 nares,
1184 2589 1250 2661 ille
1364 2629 1366 2646 ‹

302 2671 443 2751 effossos
465 2684 605 2772 oculos,
640 2683 730 2754 alter
753 2703 934 2797 amputata
959 2682 1127 2775 brachia,
1157 2681 1251 2758 alter

187 2783 189 2788 ’
302 2773 511 2870 oonliactis,
536 2797 599 2849 aut
619 2779 727 2851 etiam
744 2783 864 2852 exc1sic
913 2779 1065 2872 edibus,
1091 2781 1249 2894 vestigiis

303 2875 484 2950 incederet
494 2873 564 2948 iron
577 2876 827 2950 suis.Accecsit
838 2880 885 2951 sd
983 2877 1248 2952 reidomecucae

254 3004 257 3013 “
301 2972 480 3073 penuria,
503 2973 582 3046 aeris
598 2973 704 3047 alieni
720 2977 897 3076 gravitas,
917 2977 1121 3080 importuno
1132 2976 1248 3048 credi·-

305 3087 424 3144 'corum
440 3071 622 3164 molestia,
641 3089 678 3144 et
697 3073 784 3173 quid
801 3073 897 3146 noni

277 3237 283 3254 ,
358 3166 488 3268 Neque
505 3177 588 3242 verb
605 3171 720 3242 mimis
736 3173 910 3271 graviter,
931 3197 996 3242 nec
1013 3172 1128 3243 mimis
1143 3172 1245 3272 inge-

307 3266 403 3338 niosd
467 3282 583 3339 rorare
600 3269 695 3341 risus
712 3285 789 3362 est,
810 3271 874 3372 qui
888 3270 1064 3371 proximas
1080 3285 1194 3340 tenuit
1209 3297 1249 3341 ιιι

304 3295 465 3438 dicendi
479 3382 596 3466 partes
621 3395 631 3436 ε
672 3365 720 3438 sic
746 3384 787 3438 ut
806 3368 915 3468 ipsius
940 3367 1049 3438 oratio
1076 3382 1249 3438 nontam

308 3459 487 3534 elaborata
503 3462 540 3533 in
556 3465 758 3536 mercatoris
770 3465 916 3537 tabernd
925 3517 937 3556 ,
961 3467 1068 3578 quim
1080 3465 1118 3534 in
1129 3460 1250 3535 scholb

308 3559 508 3632 Rhetorum
534 3561 683 3632 dicenda
708 3561 765 3632 sit.
798 3565 898 3656 Quas
919 3589 1015 3634 emm
1035 3563 1249 3636 Mereatur-o

291 3658 485 3734 :molestias
497 3685 567 3730 non
577 3675 721 3759 questus
734 3659 808 3733 estl
822 3660 1025 3760 conditionis
1042 3683 1115 3730 suae
1127 3658 1248 3729 obscu-

308 3753 480 3852 ritatem,
510 3750 1022 3852 solticimdinem‘continuam‚
1048 3753 1247 3846 commercii
