<?xml version="1.0" encoding="UTF-8"?>
<!DOCTYPE html PUBLIC "-//W3C//DTD XHTML 1.0 Transitional//EN"
    "http://www.w3.org/TR/xhtml1/DTD/xhtml1-transitional.dtd">
<html xmlns="http://www.w3.org/1999/xhtml" xml:lang="en" lang="en">
 <head>
  <title>
</title>
<meta http-equiv="Content-Type" content="text/html;charset=utf-8" />
  <meta name='ocr-system' content='tesseract 3.04.00' />
  <meta name='ocr-capabilities' content='ocr_page ocr_carea ocr_par ocr_line ocrx_word'/>
</head>
<body>
  <div class='ocr_page' id='page_1' title='image "./bibliothecarhet01jaygoog/bibliothecarhet01jaygoog_0075.png"; bbox 0 0 2682 4412; ppageno 0'>
   <div class='ocr_carea' id='block_1_1' title="bbox 287 229 1018 335">
    <p class='ocr_par' dir='ltr' id='par_1_1' title="bbox 287 229 1018 335">
     <span class='ocr_line' id='line_1_1' title="bbox 287 229 1018 335; baseline 0.004 -27"><span class='ocrx_word' id='word_1_1' title='bbox 287 229 813 310; x_wconf 74' lang='lat' dir='ltr'><strong>rrnnnrn‘ri&#39;r&#39;irs.</strong></span> <span class='ocrx_word' id='word_1_2' title='bbox 973 245 1018 335; x_wconf 73' lang='lat'><strong>69</strong></span> 
     </span>
    </p>
   </div>
   <div class='ocr_carea' id='block_1_2' title="bbox 46 355 1018 1236">
    <p class='ocr_par' dir='ltr' id='par_1_2' title="bbox 82 355 1018 652">
     <span class='ocr_line' id='line_1_2' title="bbox 126 355 1018 460; baseline 0.004 -32"><span class='ocrx_word' id='word_1_3' title='bbox 126 357 388 456; x_wconf 82' lang='lat' dir='ltr'><strong>Onomatopeia</strong></span> <span class='ocrx_word' id='word_1_4' title='bbox 404 373 457 428; x_wconf 89' lang='lat' dir='ltr'><strong>est</strong></span> <span class='ocrx_word' id='word_1_5' title='bbox 476 355 567 430; x_wconf 87' lang='lat' dir='ltr'><strong>fictio</strong></span> <span class='ocrx_word' id='word_1_6' title='bbox 585 359 677 430; x_wconf 87' lang='lat' dir='ltr'><strong>vocis</strong></span> <span class='ocrx_word' id='word_1_7' title='bbox 695 360 739 429; x_wconf 81' lang='lat' dir='ltr'><strong>ad</strong></span> <span class='ocrx_word' id='word_1_8' title='bbox 756 387 830 430; x_wconf 89' lang='lat' dir='ltr'><strong>rem</strong></span> <span class='ocrx_word' id='word_1_9' title='bbox 846 358 1018 460; x_wconf 66' lang='lat' dir='ltr'><strong>significo-</strong></span> 
     </span>
     <span class='ocr_line' id='line_1_3' title="bbox 82 451 1016 552; baseline 0.006 -28"><span class='ocrx_word' id='word_1_10' title='bbox 82 473 149 525; x_wconf 75' lang='lat' dir='ltr'><strong>lam</strong></span> <span class='ocrx_word' id='word_1_11' title='bbox 159 455 343 526; x_wconf 70' lang='lat' dir='ltr'><strong>nativdeli</strong></span> <span class='ocrx_word' id='word_1_12' title='bbox 370 460 416 526; x_wconf 71' lang='lat' dir='ltr'><strong>ud</strong></span> <span class='ocrx_word' id='word_1_13' title='bbox 425 455 560 526; x_wconf 86' lang='lat' dir='ltr'><strong>suisoni</strong></span> <span class='ocrx_word' id='word_1_14' title='bbox 572 451 800 529; x_wconf 83' lang='lat' dir='ltr'><strong>similitudine</strong></span> <span class='ocrx_word' id='word_1_15' title='bbox 810 459 1016 552; x_wconf 77' lang='lat' dir='ltr'><strong>accedentis,</strong></span> 
     </span>
     <span class='ocr_line' id='line_1_4' title="bbox 82 483 880 652; baseline 0.003 -29"><span class='ocrx_word' id='word_1_16' title='bbox 82 570 119 624; x_wconf 82' lang='lat' dir='ltr'><strong>ut</strong></span> <span class='ocrx_word' id='word_1_17' title='bbox 131 557 303 652; x_wconf 77' lang='lat' dir='ltr'><em>mugitus</em></span> <span class='ocrx_word' id='word_1_18' title='bbox 313 601 329 637; x_wconf 86' lang='lat'><strong>,</strong></span> <span class='ocrx_word' id='word_1_19' title='bbox 344 483 499 647; x_wconf 65' lang='lat' dir='ltr'><strong>ioaffls,</strong></span> <span class='ocrx_word' id='word_1_20' title='bbox 510 553 645 625; x_wconf 84' lang='lat' dir='ltr'><strong>sibilus</strong></span> <span class='ocrx_word' id='word_1_21' title='bbox 656 606 671 639; x_wconf 87' lang='lat'><strong>,</strong></span> <span class='ocrx_word' id='word_1_22' title='bbox 686 569 722 623; x_wconf 81' lang='lat' dir='ltr'><strong>et</strong></span> <span class='ocrx_word' id='word_1_23' title='bbox 732 553 880 625; x_wconf 58' lang='lat' dir='ltr'><strong>similia.¹</strong></span> 
     </span>
    </p>

    <p class='ocr_par' dir='ltr' id='par_1_3' title="bbox 79 649 1018 846">
     <span class='ocr_line' id='line_1_5' title="bbox 125 649 1018 754; baseline 0.004 -34"><span class='ocrx_word' id='word_1_24' title='bbox 125 649 349 748; x_wconf 81' lang='lat' dir='ltr'><strong>Metalepsis,</strong></span> <span class='ocrx_word' id='word_1_25' title='bbox 359 649 430 723; x_wconf 76' lang='lat' dir='ltr'><strong>sive</strong></span> <span class='ocrx_word' id='word_1_26' title='bbox 440 650 707 748; x_wconf 76' lang='lat' dir='ltr'><strong>Tmnssumptio</strong></span> <span class='ocrx_word' id='word_1_27' title='bbox 717 667 771 721; x_wconf 90' lang='lat' dir='ltr'><strong>est</strong></span> <span class='ocrx_word' id='word_1_28' title='bbox 781 653 932 750; x_wconf 91' lang='lat' dir='ltr'><strong>Tropus,</strong></span> <span class='ocrx_word' id='word_1_29' title='bbox 947 681 1018 754; x_wconf 85' lang='lat' dir='ltr'><strong>quo</strong></span> 
     </span>
     <span class='ocr_line' id='line_1_6' title="bbox 79 746 1016 846; baseline 0.004 -29"><span class='ocrx_word' id='word_1_30' title='bbox 79 746 223 837; x_wconf 80' lang='lat' dir='ltr'><strong>exalio,</strong></span> <span class='ocrx_word' id='word_1_31' title='bbox 252 747 299 815; x_wconf 83' lang='lat' dir='ltr'><strong>ad</strong></span> <span class='ocrx_word' id='word_1_32' title='bbox 320 747 419 818; x_wconf 70' lang='lat' dir='ltr'><strong>aliud</strong></span> <span class='ocrx_word' id='word_1_33' title='bbox 433 747 541 818; x_wconf 84' lang='lat' dir='ltr'><strong>veluti</strong></span> <span class='ocrx_word' id='word_1_34' title='bbox 586 775 624 818; x_wconf 88' lang='lat' dir='ltr'><strong>or</strong></span> <span class='ocrx_word' id='word_1_35' title='bbox 640 749 770 846; x_wconf 84' lang='lat' dir='ltr'><strong>gradus</strong></span> <span class='ocrx_word' id='word_1_36' title='bbox 786 751 1016 843; x_wconf 83' lang='lat' dir='ltr'>ascenditur,</span> 
     </span>
    </p>

    <p class='ocr_par' dir='ltr' id='par_1_4' title="bbox 46 775 1018 1236">
     <span class='ocr_line' id='line_1_7' title="bbox 46 775 1018 946; baseline 0.01 -36"><span class='ocrx_word' id='word_1_37' title='bbox 46 897 50 908; x_wconf 94' lang='lat'><em>.</em></span> <span class='ocrx_word' id='word_1_38' title='bbox 82 859 119 912; x_wconf 81' lang='lat' dir='ltr'><strong>ut</strong></span> <span class='ocrx_word' id='word_1_39' title='bbox 129 847 211 912; x_wconf 84' lang='lat' dir='ltr'><strong>edm</strong></span> <span class='ocrx_word' id='word_1_40' title='bbox 225 842 317 912; x_wconf 85' lang='lat' dir='ltr'><strong>dixit</strong></span> <span class='ocrx_word' id='word_1_41' title='bbox 328 843 520 942; x_wconf 80' lang='lat' dir='ltr'><strong>Virgilius,</strong></span> <span class='ocrx_word' id='word_1_42' title='bbox 537 775 634 916; x_wconf 58' lang='lat' dir='ltr'><strong>Illost</strong></span> <span class='ocrx_word' id='word_1_43' title='bbox 642 843 791 945; x_wconf 83' lang='lat' dir='ltr'><strong>aliquot</strong></span> <span class='ocrx_word' id='word_1_44' title='bbox 802 873 888 917; x_wconf 82' lang='lat' dir='ltr'><strong>mea</strong></span> <span class='ocrx_word' id='word_1_45' title='bbox 900 863 1018 946; x_wconf 78' lang='lat' dir='ltr'><strong>regna</strong></span> 
     </span>
     <span class='ocr_line' id='line_1_8' title="bbox 79 939 1017 1043; baseline 0.005 -33"><span class='ocrx_word' id='word_1_46' title='bbox 79 939 215 1010; x_wconf 78' lang='lat' dir='ltr'><strong>videns</strong></span> <span class='ocrx_word' id='word_1_47' title='bbox 230 940 399 1012; x_wconf 82' lang='lat' dir='ltr'><strong>mirabor</strong></span> <span class='ocrx_word' id='word_1_48' title='bbox 409 946 569 1032; x_wconf 70' lang='lat' dir='ltr'><strong>(tristor,</strong></span> <span class='ocrx_word' id='word_1_49' title='bbox 585 942 622 1011; x_wconf 94' lang='lat' dir='ltr'><strong>id</strong></span> <span class='ocrx_word' id='word_1_50' title='bbox 643 957 696 1012; x_wconf 80' lang='lat' dir='ltr'><strong>est</strong></span> <span class='ocrx_word' id='word_1_51' title='bbox 710 958 788 1040; x_wconf 85' lang='lat' dir='ltr'><strong>post</strong></span> <span class='ocrx_word' id='word_1_52' title='bbox 803 943 937 1043; x_wconf 81' lang='lat' dir='ltr'><strong>aliquot</strong></span> <span class='ocrx_word' id='word_1_53' title='bbox 953 973 1017 1015; x_wconf 82' lang='lat' dir='ltr'><strong>an·</strong></span> 
     </span>
     <span class='ocr_line' id='line_1_9' title="bbox 84 1037 1017 1148; baseline 0.006 -42"><span class='ocrx_word' id='word_1_54' title='bbox 84 1063 160 1127; x_wconf 81' lang='lat' dir='ltr'><strong>nos3</strong></span> <span class='ocrx_word' id='word_1_55' title='bbox 171 1063 257 1107; x_wconf 73' lang='lat' dir='ltr'><strong>nam</strong></span> <span class='ocrx_word' id='word_1_56' title='bbox 269 1064 315 1106; x_wconf 87' lang='lat' dir='ltr'><strong>ex</strong></span> <span class='ocrx_word' id='word_1_57' title='bbox 325 1037 439 1108; x_wconf 82' lang='lat' dir='ltr'><strong>aristis</strong></span> <span class='ocrx_word' id='word_1_58' title='bbox 454 1037 564 1148; x_wconf 69' lang='lat' dir='ltr'><strong>spicas</strong></span> <span class='ocrx_word' id='word_1_59' title='bbox 576 1054 612 1108; x_wconf 87' lang='lat' dir='ltr'><strong>et</strong></span> <span class='ocrx_word' id='word_1_60' title='bbox 624 1056 770 1138; x_wconf 78' lang='lat' dir='ltr'><strong>segetes,</strong></span> <span class='ocrx_word' id='word_1_61' title='bbox 787 1067 831 1111; x_wconf 85' lang='lat' dir='ltr'><strong>ex</strong></span> <span class='ocrx_word' id='word_1_62' title='bbox 842 1041 1017 1139; x_wconf 81' lang='lat' dir='ltr'><strong>segetibus</strong></span> 
     </span>
     <span class='ocr_line' id='line_1_10' title="bbox 82 1134 941 1236; baseline 0.005 -34"><span class='ocrx_word' id='word_1_63' title='bbox 82 1149 241 1224; x_wconf 83' lang='lat' dir='ltr'><strong>aestates,</strong></span> <span class='ocrx_word' id='word_1_64' title='bbox 261 1151 360 1204; x_wconf 84' lang='lat' dir='ltr'><strong>etex</strong></span> <span class='ocrx_word' id='word_1_65' title='bbox 381 1134 559 1206; x_wconf 79' lang='lat' dir='ltr'><strong>aestatibus</strong></span> <span class='ocrx_word' id='word_1_66' title='bbox 577 1135 941 1236; x_wconf 80' lang='lat' dir='ltr'><strong>annosintelligimus.</strong></span> 
     </span>
    </p>
   </div>
   <div class='ocr_carea' id='block_1_3' title="bbox 78 1347 1003 1387">
    <p class='ocr_par' dir='ltr' id='par_1_5' title="bbox 78 1347 1003 1387">
     <span class='ocr_line' id='line_1_11' title="bbox 78 1347 1003 1387; baseline 0.005 -11"><span class='ocrx_word' id='word_1_67' title='bbox 78 1353 183 1387; x_wconf 45' lang='grc' dir='ltr'><strong>,ΜΛΝ</strong></span> <span class='ocrx_word' id='word_1_68' title='bbox 188 1347 491 1380; x_wconf 48' lang='lat' dir='ltr'><strong>mumma</strong></span> <span class='ocrx_word' id='word_1_69' title='bbox 498 1349 832 1380; x_wconf 49' lang='lat' dir='ltr'><strong>&amp;numisma-xxm</strong></span> <span class='ocrx_word' id='word_1_70' title='bbox 836 1357 1003 1386; x_wconf 55' lang='lat' dir='ltr'><strong>mmmmm-v</strong></span> 
     </span>
    </p>
   </div>
   <div class='ocr_carea' id='block_1_4' title="bbox 345 1511 753 1624">
    <p class='ocr_par' dir='ltr' id='par_1_6' title="bbox 345 1511 753 1624">
     <span class='ocr_line' id='line_1_12' title="bbox 345 1511 753 1624; baseline 0.005 -30"><span class='ocrx_word' id='word_1_71' title='bbox 345 1511 753 1624; x_wconf 68' lang='lat' dir='ltr'><strong>eleusin</strong></span> 
     </span>
    </p>
   </div>
   <div class='ocr_carea' id='block_1_5' title="bbox 100 1700 989 1899">
    <p class='ocr_par' dir='ltr' id='par_1_7' title="bbox 100 1700 989 1899">
     <span class='ocr_line' id='line_1_13' title="bbox 100 1700 989 1868; baseline 0.003 -93"><span class='ocrx_word' id='word_1_72' title='bbox 100 1703 169 1775; x_wconf 82' lang='lat' dir='ltr'><strong>De</strong></span> <span class='ocrx_word' id='word_1_73' title='bbox 196 1702 331 1801; x_wconf 82' lang='lat' dir='ltr'><strong>Tmpis</strong></span> <span class='ocrx_word' id='word_1_74' title='bbox 348 1705 427 1868; x_wconf 65' lang='lat' dir='ltr'><strong>,qui</strong></span> <span class='ocrx_word' id='word_1_75' title='bbox 445 1705 485 1771; x_wconf 83' lang='lat' dir='ltr'><strong>in</strong></span> <span class='ocrx_word' id='word_1_76' title='bbox 512 1700 724 1792; x_wconf 82' lang='lat' dir='ltr'><em>Oratione,</em></span> <span class='ocrx_word' id='word_1_77' title='bbox 751 1701 823 1774; x_wconf 81' lang='lat' dir='ltr'><strong>hoc</strong></span> <span class='ocrx_word' id='word_1_78' title='bbox 843 1722 920 1790; x_wconf 89' lang='lat' dir='ltr'><strong>est,</strong></span> <span class='ocrx_word' id='word_1_79' title='bbox 948 1710 989 1778; x_wconf 80' lang='lat' dir='ltr'><strong>in</strong></span> 
     </span>
     <span class='ocr_line' id='line_1_14' title="bbox 315 1825 347 1899; baseline 0 0"><span class='ocrx_word' id='word_1_80' title='bbox 315 1825 347 1899; x_wconf 84' lang='lat' dir='ltr'><em>P</em></span> 
     </span>
    </p>
   </div>
   <div class='ocr_carea' id='block_1_6' title="bbox 74 1943 1078 2167">
    <p class='ocr_par' dir='ltr' id='par_1_8' title="bbox 74 1943 1078 2167">
     <span class='ocr_line' id='line_1_15' title="bbox 74 1943 1078 2167; baseline 0.003 -97"><span class='ocrx_word' id='word_1_81' title='bbox 74 1943 325 2167; x_wconf 67' lang='lat' dir='ltr'><strong>Qun-uon</strong></span> <span class='ocrx_word' id='word_1_82' title='bbox 348 2015 431 2074; x_wconf 83' lang='lat' dir='ltr'><strong>sunt</strong></span> <span class='ocrx_word' id='word_1_83' title='bbox 447 1998 557 2096; x_wconf 87' lang='lat' dir='ltr'><strong>Tropi</strong></span> <span class='ocrx_word' id='word_1_84' title='bbox 581 1997 618 2068; x_wconf 91' lang='lat' dir='ltr'><strong>in</strong></span> <span class='ocrx_word' id='word_1_85' title='bbox 645 1997 848 2089; x_wconf 80' lang='lat' dir='ltr'><strong>Oratione,</strong></span> <span class='ocrx_word' id='word_1_86' title='bbox 873 2001 944 2072; x_wconf 88' lang='lat' dir='ltr'><strong>sive</strong></span> <span class='ocrx_word' id='word_1_87' title='bbox 973 2003 1011 2072; x_wconf 92' lang='lat' dir='ltr'><strong>in</strong></span> <span class='ocrx_word' id='word_1_88' title='bbox 1070 2085 1078 2104; x_wconf 22' lang='grc' dir='ltr'>κ</span> 
     </span>
    </p>
   </div>
   <div class='ocr_carea' id='block_1_7' title="bbox 362 1795 747 1896">
    <p class='ocr_par' dir='ltr' id='par_1_9' title="bbox 362 1795 747 1896">
     <span class='ocr_line' id='line_1_16' title="bbox 362 1795 747 1896; baseline -0.005 -26"><span class='ocrx_word' id='word_1_89' title='bbox 362 1795 492 1870; x_wconf 78' lang='lat' dir='ltr'><strong>aribus</strong></span> <span class='ocrx_word' id='word_1_90' title='bbox 505 1797 747 1896; x_wconf 78' lang='lat' dir='ltr'><strong>verbissiunt.</strong></span> 
     </span>
    </p>
   </div>
   <div class='ocr_carea' id='block_1_8' title="bbox 40 2094 1092 3852">
    <p class='ocr_par' dir='ltr' id='par_1_10' title="bbox 40 2094 1092 3852">
     <span class='ocr_line' id='line_1_17' title="bbox 112 2094 1014 2209; baseline 0.001 -41"><span class='ocrx_word' id='word_1_91' title='bbox 112 2098 232 2168; x_wconf 82' lang='lat' dir='ltr'><strong>unbus</strong></span> <span class='ocrx_word' id='word_1_92' title='bbox 250 2095 367 2166; x_wconf 88' lang='lat' dir='ltr'><strong>verbis</strong></span> <span class='ocrx_word' id='word_1_93' title='bbox 380 2124 391 2188; x_wconf 80' lang='lat'>3</span> <span class='ocrx_word' id='word_1_94' title='bbox 405 2095 605 2196; x_wconf 85' lang='lat' dir='ltr'><strong>Allegoria,</strong></span> <span class='ocrx_word' id='word_1_95' title='bbox 625 2094 857 2192; x_wconf 75' lang='lat' dir='ltr'><strong>Periphrasis,</strong></span> <span class='ocrx_word' id='word_1_96' title='bbox 873 2099 1014 2209; x_wconf 72' lang='lat' dir='ltr'><strong>Hyper-</strong></span> 
     </span>
     <span class='ocr_line' id='line_1_18' title="bbox 73 2123 959 2293; baseline 0 -29"><span class='ocrx_word' id='word_1_97' title='bbox 73 2123 203 2284; x_wconf 70' lang='lat' dir='ltr'><strong>iason,</strong></span> <span class='ocrx_word' id='word_1_98' title='bbox 218 2193 422 2291; x_wconf 82' lang='lat' dir='ltr'><strong>Hyperbole</strong></span> <span class='ocrx_word' id='word_1_99' title='bbox 442 2223 451 2263; x_wconf 78' lang='grc' dir='ltr'><strong>ι</strong></span> <span class='ocrx_word' id='word_1_100' title='bbox 471 2193 600 2293; x_wconf 89' lang='lat' dir='ltr'><strong>quibus</strong></span> <span class='ocrx_word' id='word_1_101' title='bbox 611 2193 693 2262; x_wconf 86' lang='lat' dir='ltr'><strong>addi</strong></span> <span class='ocrx_word' id='word_1_102' title='bbox 706 2210 819 2291; x_wconf 81' lang='lat' dir='ltr'><strong>potest</strong></span> <span class='ocrx_word' id='word_1_103' title='bbox 832 2195 959 2264; x_wconf 80' lang='lat' dir='ltr'><strong>[roma.</strong></span> 
     </span>
     <span class='ocr_line' id='line_1_19' title="bbox 40 2289 1013 2390; baseline -0.002 -28"><span class='ocrx_word' id='word_1_104' title='bbox 40 2303 45 2309; x_wconf 85' lang='lat'>&#39;</span> <span class='ocrx_word' id='word_1_105' title='bbox 121 2291 325 2390; x_wconf 80' lang='lat' dir='ltr'><strong>Allegoria,</strong></span> <span class='ocrx_word' id='word_1_106' title='bbox 357 2291 428 2384; x_wconf 79' lang='lat' dir='ltr'><strong>sive</strong></span> <span class='ocrx_word' id='word_1_107' title='bbox 451 2289 634 2379; x_wconf 83' lang='lat' dir='ltr'><strong>Inversio‚</strong></span> <span class='ocrx_word' id='word_1_108' title='bbox 661 2307 715 2360; x_wconf 87' lang='lat' dir='ltr'><strong>est</strong></span> <span class='ocrx_word' id='word_1_109' title='bbox 744 2290 914 2388; x_wconf 89' lang='lat' dir='ltr'><strong>Tropus,</strong></span> <span class='ocrx_word' id='word_1_110' title='bbox 942 2317 1013 2390; x_wconf 91' lang='lat' dir='ltr'><strong>quo</strong></span> 
     </span>
     <span class='ocr_line' id='line_1_20' title="bbox 76 2385 1059 2486; baseline -0.006 -25"><span class='ocrx_word' id='word_1_111' title='bbox 76 2387 172 2461; x_wconf 78' lang='lat' dir='ltr'><strong>aliud</strong></span> <span class='ocrx_word' id='word_1_112' title='bbox 194 2387 343 2480; x_wconf 79' lang='lat' dir='ltr'><strong>verbis,</strong></span> <span class='ocrx_word' id='word_1_113' title='bbox 377 2388 474 2459; x_wconf 82' lang='lat' dir='ltr'><strong>aliud</strong></span> <span class='ocrx_word' id='word_1_114' title='bbox 499 2415 603 2458; x_wconf 89' lang='lat' dir='ltr'><strong>sensu</strong></span> <span class='ocrx_word' id='word_1_115' title='bbox 631 2385 851 2476; x_wconf 76' lang='lat' dir='ltr'><strong>ostenditur,</strong></span> <span class='ocrx_word' id='word_1_116' title='bbox 877 2403 918 2456; x_wconf 76' lang='lat' dir='ltr'><strong>us</strong></span> <span class='ocrx_word' id='word_1_117' title='bbox 949 2393 1013 2484; x_wconf 85' lang='lat' dir='ltr'><strong>pro</strong></span> <span class='ocrx_word' id='word_1_118' title='bbox 1040 2449 1059 2486; x_wconf 45' lang='grc' dir='ltr'><strong>ι</strong></span> 
     </span>
     <span class='ocr_line' id='line_1_21' title="bbox 76 2483 1053 2601; baseline -0.008 -45"><span class='ocrx_word' id='word_1_119' title='bbox 76 2487 210 2556; x_wconf 82' lang='lat' dir='ltr'><strong>Milone</strong></span> <span class='ocrx_word' id='word_1_120' title='bbox 222 2513 260 2556; x_wconf 91' lang='lat' dir='ltr'><strong>n.</strong></span> <span class='ocrx_word' id='word_1_121' title='bbox 278 2487 314 2557; x_wconf 88' lang='lat'><strong>5.</strong></span> <span class='ocrx_word' id='word_1_122' title='bbox 337 2484 526 2601; x_wconf 82' lang='lat' dir='ltr'><strong>Equidem</strong></span> <span class='ocrx_word' id='word_1_123' title='bbox 540 2501 697 2572; x_wconf 72' lang='lat' dir='ltr'><strong>caeteras</strong></span> <span class='ocrx_word' id='word_1_124' title='bbox 715 2483 954 2582; x_wconf 80' lang='lat' dir='ltr'><strong>tempestates</strong></span> <span class='ocrx_word' id='word_1_125' title='bbox 964 2511 1013 2554; x_wconf 86' lang='lat' dir='ltr'><strong>ac</strong></span> <span class='ocrx_word' id='word_1_126' title='bbox 1038 2490 1053 2548; x_wconf 84' lang='grc'><strong>“.</strong></span> 
     </span>
     <span class='ocr_line' id='line_1_22' title="bbox 64 2578 1013 2684; baseline -0.003 -29"><span class='ocrx_word' id='word_1_127' title='bbox 64 2582 261 2684; x_wconf 82' lang='lat' dir='ltr'><strong>procellas</strong></span> <span class='ocrx_word' id='word_1_128' title='bbox 272 2587 313 2654; x_wconf 83' lang='lat' dir='ltr'><strong>in</strong></span> <span class='ocrx_word' id='word_1_129' title='bbox 321 2582 400 2654; x_wconf 71' lang='lat' dir='ltr'><strong>ilus</strong></span> <span class='ocrx_word' id='word_1_130' title='bbox 410 2578 786 2680; x_wconf 75' lang='lat' dir='ltr'><strong>duntaxatfluctibus</strong></span> <span class='ocrx_word' id='word_1_131' title='bbox 795 2585 1013 2652; x_wconf 80' lang='lat' dir='ltr'><strong>concionum</strong></span> 
     </span>
     <span class='ocr_line' id='line_1_23' title="bbox 73 2676 1011 2780; baseline -0.005 -28"><span class='ocrx_word' id='word_1_132' title='bbox 73 2707 222 2780; x_wconf 83' lang='lat' dir='ltr'><strong>semper</strong></span> <span class='ocrx_word' id='word_1_133' title='bbox 222 2685 359 2780; x_wconf 83' lang='lat' dir='ltr'><strong>putavi</strong></span> <span class='ocrx_word' id='word_1_134' title='bbox 369 2679 513 2751; x_wconf 84' lang='lat' dir='ltr'><strong>Miloni</strong></span> <span class='ocrx_word' id='word_1_135' title='bbox 525 2705 609 2749; x_wconf 84' lang='lat' dir='ltr'><strong>esse</strong></span> <span class='ocrx_word' id='word_1_136' title='bbox 619 2676 847 2759; x_wconf 73' lang='lat' dir='ltr'><strong>subeundas.</strong></span> <span class='ocrx_word' id='word_1_137' title='bbox 861 2677 936 2749; x_wconf 90' lang='lat' dir='ltr'><strong>Ubi</strong></span> <span class='ocrx_word' id='word_1_138' title='bbox 947 2682 1011 2777; x_wconf 85' lang='lat' dir='ltr'><strong>pe&#39;r</strong></span> 
     </span>
     <span class='ocr_line' id='line_1_24' title="bbox 73 2772 1011 2879; baseline -0.002 -31"><span class='ocrx_word' id='word_1_139' title='bbox 73 2795 314 2879; x_wconf 82' lang='lat' dir='ltr'><strong>tempestates</strong></span> <span class='ocrx_word' id='word_1_140' title='bbox 321 2803 361 2851; x_wconf 83' lang='lat' dir='ltr'><strong>ac</strong></span> <span class='ocrx_word' id='word_1_141' title='bbox 362 2775 575 2878; x_wconf 66' lang='lat' dir='ltr'><strong>procellos,</strong></span> <span class='ocrx_word' id='word_1_142' title='bbox 591 2772 1011 2874; x_wconf 75' lang='lat' dir='ltr'><strong>significatperturbatio-</strong></span> 
     </span>
     <span class='ocr_line' id='line_1_25' title="bbox 74 2870 1006 2973; baseline 0 -29"><span class='ocrx_word' id='word_1_143' title='bbox 74 2901 136 2946; x_wconf 86' lang='lat' dir='ltr'><strong>nes</strong></span> <span class='ocrx_word' id='word_1_144' title='bbox 159 2902 198 2945; x_wconf 86' lang='lat' dir='ltr'><strong>ac</strong></span> <span class='ocrx_word' id='word_1_145' title='bbox 215 2874 416 2964; x_wconf 85' lang='lat' dir='ltr'><strong>tumultus,</strong></span> <span class='ocrx_word' id='word_1_146' title='bbox 443 2872 572 2973; x_wconf 89' lang='lat' dir='ltr'><strong>quibus</strong></span> <span class='ocrx_word' id='word_1_147' title='bbox 587 2872 676 2944; x_wconf 88' lang='lat' dir='ltr'><strong>Milo</strong></span> <span class='ocrx_word' id='word_1_148' title='bbox 691 2872 859 2942; x_wconf 85' lang='lat' dir='ltr'><strong>obnoxius</strong></span> <span class='ocrx_word' id='word_1_149' title='bbox 878 2870 1006 2944; x_wconf 71' lang='lat' dir='ltr'><strong>dierat.</strong></span> 
     </span>
     <span class='ocr_line' id='line_1_26' title="bbox 120 2969 1010 3070; baseline -0.004 -27"><span class='ocrx_word' id='word_1_150' title='bbox 120 2972 242 3044; x_wconf 85' lang='lat' dir='ltr'><strong>Habes</strong></span> <span class='ocrx_word' id='word_1_151' title='bbox 269 2972 339 3043; x_wconf 79' lang='lat' dir='ltr'><strong>alia</strong></span> <span class='ocrx_word' id='word_1_152' title='bbox 359 2970 546 3070; x_wconf 82' lang='lat' dir='ltr'><strong>Allegoriae</strong></span> <span class='ocrx_word' id='word_1_153' title='bbox 567 2969 728 3068; x_wconf 81' lang='lat' dir='ltr'><strong>exempla</strong></span> <span class='ocrx_word' id='word_1_154' title='bbox 749 2969 843 3068; x_wconf 87' lang='lat' dir='ltr'><strong>apud</strong></span> <span class='ocrx_word' id='word_1_155' title='bbox 869 2969 1010 3041; x_wconf 88' lang='lat' dir='ltr'><strong>Cicero-</strong></span> 
     </span>
     <span class='ocr_line' id='line_1_27' title="bbox 73 3067 1012 3176; baseline -0.009 -36"><span class='ocrx_word' id='word_1_156' title='bbox 73 3097 154 3140; x_wconf 89' lang='lat' dir='ltr'><strong>nem</strong></span> <span class='ocrx_word' id='word_1_157' title='bbox 174 3097 238 3167; x_wconf 89' lang='lat' dir='ltr'><strong>pro</strong></span> <span class='ocrx_word' id='word_1_158' title='bbox 261 3069 429 3139; x_wconf 82' lang='lat' dir='ltr'><strong>Marcello</strong></span> <span class='ocrx_word' id='word_1_159' title='bbox 449 3096 488 3139; x_wconf 93' lang='lat' dir='ltr'><strong>n.</strong></span> <span class='ocrx_word' id='word_1_160' title='bbox 516 3071 552 3157; x_wconf 78' lang='grc'><strong>4.</strong></span> <span class='ocrx_word' id='word_1_161' title='bbox 573 3067 610 3138; x_wconf 93' lang='lat' dir='ltr'><strong>in</strong></span> <span class='ocrx_word' id='word_1_162' title='bbox 628 3067 790 3137; x_wconf 85' lang='lat' dir='ltr'><strong>Pisonem</strong></span> <span class='ocrx_word' id='word_1_163' title='bbox 812 3095 851 3137; x_wconf 87' lang='grc' dir='ltr'><strong>ιι.</strong></span> <span class='ocrx_word' id='word_1_164' title='bbox 874 3092 931 3135; x_wconf 86' lang='lat'><strong>20.</strong></span> <span class='ocrx_word' id='word_1_165' title='bbox 947 3091 1012 3176; x_wconf 68' lang='lat' dir='ltr'><strong>pro</strong></span> 
     </span>
     <span class='ocr_line' id='line_1_28' title="bbox 72 3161 1007 3259; baseline -0.007 -21"><span class='ocrx_word' id='word_1_166' title='bbox 72 3169 236 3238; x_wconf 76' lang='lat' dir='ltr'><strong>Muraend</strong></span> <span class='ocrx_word' id='word_1_167' title='bbox 248 3167 359 3237; x_wconf 60' lang='lat'>1135.</span> <span class='ocrx_word' id='word_1_168' title='bbox 374 3166 522 3236; x_wconf 80' lang='lat' dir='ltr'><strong>Illustn&#39;s</strong></span> <span class='ocrx_word' id='word_1_169' title='bbox 534 3181 589 3236; x_wconf 82' lang='lat' dir='ltr'><strong>est</strong></span> <span class='ocrx_word' id='word_1_170' title='bbox 605 3165 711 3236; x_wconf 82' lang='lat' dir='ltr'><strong>etiam</strong></span> <span class='ocrx_word' id='word_1_171' title='bbox 728 3161 790 3232; x_wconf 81' lang='lat' dir='ltr'><strong>illa</strong></span> <span class='ocrx_word' id='word_1_172' title='bbox 805 3162 1007 3259; x_wconf 82' lang='lat' dir='ltr'><strong>Allegona,</strong></span> 
     </span>
     <span class='ocr_line' id='line_1_29' title="bbox 72 3257 1012 3363; baseline -0.006 -29"><span class='ocrx_word' id='word_1_173' title='bbox 72 3269 139 3363; x_wconf 74' lang='lat' dir='ltr'><strong>qud</strong></span> <span class='ocrx_word' id='word_1_174' title='bbox 167 3264 339 3334; x_wconf 81' lang='lat' dir='ltr'><strong>Horatius</strong></span> <span class='ocrx_word' id='word_1_175' title='bbox 357 3262 626 3362; x_wconf 81' lang='lat' dir='ltr'><strong>Rempublicom</strong></span> <span class='ocrx_word' id='word_1_176' title='bbox 645 3287 736 3330; x_wconf 81' lang='lat' dir='ltr'><strong>nova</strong></span> <span class='ocrx_word' id='word_1_177' title='bbox 751 3257 845 3328; x_wconf 85' lang='lat' dir='ltr'><strong>bella</strong></span> <span class='ocrx_word' id='word_1_178' title='bbox 865 3257 1012 3330; x_wconf 89' lang='lat' dir='ltr'><strong>molien-</strong></span> 
     </span>
     <span class='ocr_line' id='line_1_30' title="bbox 70 3356 1008 3450; baseline -0.01 -18"><span class='ocrx_word' id='word_1_179' title='bbox 70 3378 165 3450; x_wconf 75' lang='lat' dir='ltr'><strong>tem,</strong></span> <span class='ocrx_word' id='word_1_180' title='bbox 185 3359 253 3431; x_wconf 92' lang='lat' dir='ltr'><strong>sub</strong></span> <span class='ocrx_word' id='word_1_181' title='bbox 266 3360 378 3436; x_wconf 76' lang='lat' dir='ltr'><strong>¹navis</strong></span> <span class='ocrx_word' id='word_1_182' title='bbox 405 3359 545 3430; x_wconf 87' lang='lat' dir='ltr'><strong>nomine</strong></span> <span class='ocrx_word' id='word_1_183' title='bbox 558 3409 569 3448; x_wconf 96' lang='lat'><strong>,</strong></span> <span class='ocrx_word' id='word_1_184' title='bbox 582 3359 649 3427; x_wconf 70' lang='lat' dir='ltr'><strong>&#39;cui</strong></span> <span class='ocrx_word' id='word_1_185' title='bbox 674 3356 800 3426; x_wconf 81' lang='lat' dir='ltr'><strong>desunt</strong></span> <span class='ocrx_word' id='word_1_186' title='bbox 823 3356 940 3426; x_wconf 86' lang='lat' dir='ltr'><strong>omnia</strong></span> <span class='ocrx_word' id='word_1_187' title='bbox 963 3357 1008 3425; x_wconf 80' lang='lat' dir='ltr'><strong>ad</strong></span> 
     </span>
     <span class='ocr_line' id='line_1_31' title="bbox 71 3451 1007 3557; baseline -0.009 -29"><span class='ocrx_word' id='word_1_188' title='bbox 71 3456 205 3530; x_wconf 82' lang='lat' dir='ltr'><strong>felicem</strong></span> <span class='ocrx_word' id='word_1_189' title='bbox 223 3458 485 3557; x_wconf 81' lang='lat' dir='ltr'><strong>navigationem</strong></span> <span class='ocrx_word' id='word_1_190' title='bbox 503 3509 513 3547; x_wconf 93' lang='lat'><strong>,</strong></span> <span class='ocrx_word' id='word_1_191' title='bbox 540 3451 748 3552; x_wconf 80' lang='lat' dir='ltr'><strong>compellat,</strong></span> <span class='ocrx_word' id='word_1_192' title='bbox 767 3469 802 3522; x_wconf 87' lang='lat' dir='ltr'><strong>et</strong></span> <span class='ocrx_word' id='word_1_193' title='bbox 818 3451 862 3523; x_wconf 87' lang='lat' dir='ltr'><strong>nb</strong></span> <span class='ocrx_word' id='word_1_194' title='bbox 880 3452 1007 3548; x_wconf 78' lang='lat' dir='ltr'><strong>hujus-</strong></span> 
     </span>
     <span class='ocr_line' id='line_1_32' title="bbox 69 3549 1092 3641; baseline -0.008 -15"><span class='ocrx_word' id='word_1_195' title='bbox 69 3556 162 3626; x_wconf 88' lang='lat' dir='ltr'><strong>modi</strong></span> <span class='ocrx_word' id='word_1_196' title='bbox 178 3555 323 3626; x_wconf 87' lang='lat' dir='ltr'><strong>consilio</strong></span> <span class='ocrx_word' id='word_1_197' title='bbox 340 3556 506 3627; x_wconf 74' lang='lat' dir='ltr'><strong>deterret.</strong></span> <span class='ocrx_word' id='word_1_198' title='bbox 522 3552 603 3624; x_wconf 90' lang='lat' dir='ltr'><strong>Lib.</strong></span> <span class='ocrx_word' id='word_1_199' title='bbox 622 3577 653 3622; x_wconf 88' lang='lat'><strong>1.</strong></span> <span class='ocrx_word' id='word_1_200' title='bbox 668 3551 746 3622; x_wconf 87' lang='lat' dir='ltr'><strong>Ode</strong></span> <span class='ocrx_word' id='word_1_201' title='bbox 762 3557 824 3641; x_wconf 69' lang='grc'><strong>14.</strong></span> <span class='ocrx_word' id='word_1_202' title='bbox 846 3549 1008 3622; x_wconf 71' lang='lat' dir='ltr'><strong>ONasis</strong></span> <span class='ocrx_word' id='word_1_203' title='bbox 1088 3579 1092 3588; x_wconf 90' lang='lat'><strong>·</strong></span> 
     </span>
     <span class='ocr_line' id='line_1_33' title="bbox 67 3649 999 3752; baseline -0.008 -26"><span class='ocrx_word' id='word_1_204' title='bbox 67 3653 280 3750; x_wconf 70' lang='lat' dir='ltr'><strong>referentia</strong></span> <span class='ocrx_word' id='word_1_205' title='bbox 294 3681 399 3724; x_wconf 83' lang='lat' dir='ltr'><strong>mare</strong></span> <span class='ocrx_word' id='word_1_206' title='bbox 410 3671 448 3725; x_wconf 86' lang='lat' dir='ltr'><strong>te</strong></span> <span class='ocrx_word' id='word_1_207' title='bbox 460 3657 542 3724; x_wconf 76' lang='lat' dir='ltr'><strong>novi</strong></span> <span class='ocrx_word' id='word_1_208' title='bbox 539 3649 707 3752; x_wconf 78' lang='lat' dir='ltr'><strong>fluctuS,</strong></span> <span class='ocrx_word' id='word_1_209' title='bbox 722 3667 793 3721; x_wconf 85' lang='lat' dir='ltr'><strong>etc.</strong></span> <span class='ocrx_word' id='word_1_210' title='bbox 995 3705 999 3712; x_wconf 83' lang='grc'><strong>.</strong></span> 
     </span>
     <span class='ocr_line' id='line_1_34' title="bbox 112 3745 1004 3852; baseline -0.008 -29"><span class='ocrx_word' id='word_1_211' title='bbox 112 3751 203 3824; x_wconf 79' lang='lat' dir='ltr'><strong>Haec</strong></span> <span class='ocrx_word' id='word_1_212' title='bbox 219 3757 324 3852; x_wconf 76' lang='lat' dir='ltr'><strong>porrd</strong></span> <span class='ocrx_word' id='word_1_213' title='bbox 341 3751 520 3848; x_wconf 75' lang='lat' dir='ltr'><strong>Allegoria</strong></span> <span class='ocrx_word' id='word_1_214' title='bbox 535 3750 691 3820; x_wconf 87' lang='lat' dir='ltr'><strong>omnium</strong></span> <span class='ocrx_word' id='word_1_215' title='bbox 715 3763 769 3817; x_wconf 79' lang='lat' dir='ltr'><strong>est</strong></span> <span class='ocrx_word' id='word_1_216' title='bbox 790 3745 1004 3843; x_wconf 67' lang='lat' dir='ltr'><strong>praestantis-</strong></span> 
     </span>
    </p>
   </div>
   <div class='ocr_carea' id='block_1_9' title="bbox 0 0 1346 4412">
    <p class='ocr_par' dir='ltr' id='par_1_11' title="bbox 0 0 1346 4412">
     <span class='ocr_line' id='line_1_35' title="bbox 0 0 1346 4412; baseline 0 4"><span class='ocrx_word' id='word_1_217' title='bbox 0 0 1346 4412; x_wconf 95' lang='lat' dir='ltr'><strong> </strong></span> 
     </span>
    </p>
   </div>
  </div>
 </body>
</html>
