2766 4412
132 3529 148 3568 ἱ

229 1979 235 1986 ·
287 2015 290 2022 ,
319 1963 375 2024 ille
389 1961 514 2024 tolerari
524 1961 559 2019 in
571 1981 696 2023 munere
711 1963 878 2041 presertim
892 1979 996 2037 sacro,
1013 1963 1068 2041 qui
1083 1981 1146 2024 non
1158 1975 1261 2101 goteat

319 229 426 316 338,
583 210 1062 333 ιιιιίοιιῖιοι1

317 361 460 436 virtute
475 371 673 456 praestant.
701 353 869 455 Denique
894 369 936 425 ut
967 371 1135 456 sequatur
1157 353 1262 428 Com·

317 452 455 554 plexi03
474 451 672 526 colendam
696 477 780 526 esse
800 456 892 528 vitoe
901 457 1125 556 putitatetiz.
1247 473 1264 506 ‘-

527 633 1047 722 exunctututo.
1121 709 1127 727 ,

316 806 490 905 lucilius
506 805 680 882 Coecilius
697 796 906 897 Metellus,
920 759 1260 977 PonltlifexiMaxi·

365 927 474 991 mus‘,
507 903 625 998 dum,
660 907 701 981 V
694 924 784 978 estoe
819 904 976 1009 Templo
1027 903 1234 1006 estugmnte
1244 959 1262 992 ,

275 1012 278 1020 '
366 1001 591 1076 Palladium
616 1003 737 1120 Trojtt
755 1002 944 1105 quondam
960 1003 1166 1075 ‘advectum
1188 1031 1263 1094 uze-

364 1100 477 1173 diist
546 1106 654 1174 mmis
666 1105 803 1202 erupit,
820 1099 950 1175 oculos
964 1104 1105 1174 amisit.
1121 1103 1267 1202 Agitur

365 1204 406 1270 in
441 1198 476 1269 il
514 1227 551 1270 m
583 1197 897 1300 contenditurque
920 1199 1169 1296 aufhoeudam
1199 1197 1262 1271 illi

364 1295 605 1397 Pontificiam
629 1296 869 1397 dignitatem.

469 1499 474 1508 ·
503 1475 507 1486 ·
596 1473 670 1536 su
691 1472 720 1536 Ν
745 1476 774 1534 0
796 1477 821 1538 u
843 1476 864 1536 s
887 1476 903 1534 1
924 1457 958 1536 ‘a

380 1650 575 1696 nunaunt
600 1635 631 1692 1⁰
645 1635 726 1696 ratio
746 1648 810 1711 est,
825 1653 896 1715 quae
903 1561 1088 1714 :ierauadere
1100 1632 1180 1694 illud
1190 1657 1260 1715 poa·

318 1723 358 1778 ait
374 1739 413 1778 ex
428 1717 520 1777 Locis
533 1714 697 1774 Oratoriia.
710 1716 851 1776 Ducetur
867 1712 924 1773 illa
937 1717 956 1772 i
968 1715 1258 1796 consequentibus,

318 1803 393 1882 quia
412 1821 475 1859 non
503 1809 604 1879 poteat
628 1795 760 1879 ampliuc
786 1819 823 1857 eo
844 1818 970 1856 munere
998 1795 1134 1936 defiuligi.
1165 1797 1259 1858 Unde

318 1895 442 1942 eruetur
457 1880 521 1939 heac
534 1881 758 1962 argumentatio
772 1876 944 1939 Dialectico
963 1900 1057 1937 more.
1109 1901 1151 1938 on
1169 1879 1262 1940 debet

319 2049 448 2106 omniuo
458 2065 495 2104 eo
505 2040 630 2142 defungi
644 2044 719 2104 used
728 2041 876 2104 Metellus
888 2064 952 2102 non
958 2055 1059 2125 poteat
1071 2064 1108 2102 eo
1119 2041 1157 2102 de
1171 2046 1259 2127 uugi.

318 2127 360 2186 Er
380 2149 399 2186 o
414 2147 477 2186 nou
495 2125 585 2186 debet
601 2148 636 2184 m
649 2147 685 2186 eo
702 2127 837 2195 retineri.

357 2149 480 2268 sseinde
496 2207 562 2267 hoec
582 2210 805 2290 argumentatio
825 2211 859 2266 in
873 2207 1012 2288 quinque
1029 2220 1131 2288 partes
1152 2205 1259 2284 distri-

316 2289 428 2370 buetur
448 2289 594 2351 Oratorio
611 2291 712 2351 modo.
737 2289 878 2370 Quarum
899 2291 958 2350 erit
973 2291 1072 2370 prima
1091 2311 1162 2370 para
1183 2287 1259 2348 Pro-

315 2375 451 2460 pitsitio,
471 2374 603 2455 nempe)
622 2395 687 2432 non
708 2371 798 2433 debet
808 2371 863 2432 ille
878 2368 1001 2431 tolerari
1015 2373 1048 2428 in
1065 2393 1101 2429 eo
1114 2391 1239 2429 munere
1246 2413 1259 2444 ,

317 2476 380 2592 guo
397 2452 522 2537 defungi
540 2475 604 2513 non
623 2469 734 2534 potest.
755 2455 858 2535 Quam
873 2455 1059 2513 tententiam
1070 2448 1213 2509 dilatabit
1225 2453 1261 2511 in
1374 2511 1375 2522 ,

343 2535 502 2614 eriodum,
529 2535 670 2616 dicetque
690 2537 783 2616 Reip.
806 2555 934 2594 munera
953 2551 1018 2590 non
1042 2553 1106 2590 esse
1126 2541 1207 2590 vana
1228 2549 1261 2593 et

316 2617 424 2677 inania
447 2616 593 2690 nomina,
620 2615 674 2675 sed
697 2611 859 2696 complecti
878 2612 936 2672 illa
957 2610 1055 2672 multa
1075 2611 1197 2684 officia,
1220 2615 1261 2674 ad

316 2697 535 2777 quoe'aapirare
554 2716 617 2752 non
630 2695 740 2772 debet,
756 2699 812 2778 qui
830 2693 895 2754 iltis
914 2693 1040 2774 defungi
1065 2715 1129 2752 non
1149 2697 1259 2774 possit.
1289 2687 1299 2698 ⁶

358 2774 498 2836 Secunda
515 2796 584 2856 pars
600 2778 658 2835 erit
673 2775 818 2836 Probatio
834 2776 1069 2856 Ptopositionia.
1093 2774 1179 2854 Quia
1197 2799 1260 2836 nou

315 2858 403 2920 decet
419 2857 599 2939 dignitatem
648 2861 692 2917 eri
717 2852 756 2918 ab
779 2879 836 2933 eo,
857 2861 914 2939 qui
937 2854 1024 2914 illam
1046 2855 1277 2942 administrare

315 2963 380 3001 uon
392 2937 505 3020 ualeat.
516 2879 737 3020 ,Amplilcabit
749 2940 807 3000 hoc
817 2961 871 3023 per
884 2940 987 3000 variae
1001 2937 1259 3020 Interrogationea

317 3035 348 3082 et
360 3020 551 3082 Antitheses.
572 3019 656 3081 illud
669 3034 716 3081 eat
728 3025 812 3082 enim
823 3023 968 3098 nomine,
988 3041 1053 3080 non
1064 3041 1096 3100 re
1111 3021 1234 3103 deluugi
1246 3043 1258 3100 ς

317 3103 374 3164 Ma
396 3103 520 3164 istratus
536 3101 597 3163 frui
618 3101 833 3165 emolumentis
853 3117 884 3164 et
904 3103 1045 3182 honore,
1066 3123 1135 3184 quaa
1157 3103 1260 3166 officio

317 3127 407 3248 nullo
427 3187 590 3266 promereri
604 3188 714 3266 poesia.

340 3269 343 3280 ’
358 3267 387 3326 Τ
389 3271 466 3328 ertia
485 3288 557 3348 pars
576 3267 748 3328 Assumtio.
765 3267 825 3328 Sed
842 3263 991 3328 Metellus
1005 3287 1068 3326 non
1089 3279 1189 3348 potest
1203 3265 1258 3326 da·

316 3348 405 3430 [ungi
420 3370 546 3408 munere
565 3348 747 3428 Pontifici03
768 3349 802 3409 id
826 3349 1008 3426 ttactnbitur
1030 3368 1084 3429 per
1102 3345 1258 3429 Apostro-

311 3429 397 3514 plen
415 3431 454 3490 ad
464 3427 648 3509 Metellum,
664 3431 714 3492 vel
732 3453 786 3514 per
802 3427 1105 3492 communicationem
1121 3449 1190 3488 cum
1203 3452 1259 3490 au-

317 3512 480 3573 ditoribus.
500 3513 617 3573 Poterit
634 3516 742 3593 praeire
754 3513 907 3595 Prolepaia
917 3553 930 3586 ,
948 3513 1008 3592 qui
1021 3508 1140 3592 lugebit
1154 3507 1259 3572 funea-

318 3606 384 3654 tum
398 3609 429 3654 et
439 3588 563 3654 Metelli
577 3594 707 3675 etlieip.
722 3593 838 3672 iatum,
856 3593 939 3677 quod
950 3596 999 3676 uit
1009 3605 1114 3654 tantus
1132 3592 1257 3654 inutilia

222 3681 229 3692 “
318 3674 411 3756 Reip.
426 3675 526 3736 factus
540 3673 643 3737 luerit.

360 3757 480 3837 Quarta
492 3779 563 3842 part
573 3741 1029 3841 Probatio'Aatumtionieffluoe
1037 3761 1161 3844 gemina
1172 3761 1229 3818 erit
1244 3783 1253 3820 a
