2682 4412
328 247 537 294 ursan
585 246 856 294 narnus.
950 219 1066 322 ,·39

97 369 220 436 ¹reru,
239 343 311 416 nisi
326 342 576 440 permutandos
598 345 765 442 utrinque
784 342 953 441 Captivos
966 337 1064 436 esse,

102 442 216 543 quod
236 440 409 514 volebatis
430 465 576 531 omnes,
605 440 774 511 Romanis
793 441 1065 538 persuasionem,

94 555 241 614 tamen
270 536 399 610 infectd
418 547 457 608 re
467 563 536 608 non
552 537 655 608 modb
672 553 828 611 revertor
839 539 886 610 ad
901 565 962 612 vos
972 540 1064 611 obli-

112 653 210 749 gatae
229 632 315 708 fidei
328 661 488 726 memor,
507 635 569 706 sed
585 661 703 736 neque
720 662 843 708 vereor
867 637 974 708 etiarn
991 641 1066 708 tam

112 733 302 809 molentis
320 731 456 822 consilii
476 759 588 803 unum
604 749 856 804 maauctorem
872 732 1038 832 profiteri.

169 831 329 921 Sieest3
353 857 425 902 non
449 857 513 929 ego
538 832 621 904 veni
644 831 683 900 in
707 831 953 923 bimolocum,
979 834 1068 902 Car·
1163 835 1179 922 f

10 994 13 1004 ,
113 927 383 1042 ὼοῆἱηὶθηεθε,
406 943 470 1024 ut,
504 927 601 1040 quod
623 944 677 998 est
700 932 723 999 a
743 955 802 999 me
829 923 966 1000 facturn
985 930 1065 1001 lau-

117 1025 315 1118 dabiliter,
343 1041 408 1096 aut
434 1023 582 1095 inficran'
594 1077 605 1116 ,
632 1041 695 1096 aut
718 1025 970 1118 dissimulare,
1005 1042 1068 1098 aut

117 1151 290 1199 exornare
317 1122 440 1194 velim.
466 1122 570 1194 Unus
597 1122 755 1194 omnium
785 1123 926 1209 obstiti,
946 1123 1253 1223 probi-homenes.

119 1220 184 1291 bui
203 1273 215 1310 ,
243 1221 344 1292 vetui
363 1251 375 1311 ,-
406 1245 452 1290 ne
469 1235 544 1290 tam
570 1219 755 1320 indiguum
780 1221 951 1293 Romana
965 1235 1091 1322 gente.

1 1315 2 1322 '
120 1318 306 1389 vobiscum
321 1316 438 1390 foedus
452 1319 657 1390 sanciretur.
667 1320 752 1429 ,Ego
768 1318 928 1390 labantes
944 1319 1019 1416 jam
1034 1337 1072 1391 et

122 1415 333 1487 inclinantes
358 1415 452 1486 ultrd
484 1415 689 1513 pudendam
721 1443 760 1484 ln
784 1443 908 1512 pacem
938 1419 1072 1488 animos

125 1511 328 1584 confimari
350 1541 359 1582 ε
387 1508 471 1582 fecit
486 1537 568 1582 mea
583 1513 688 1582 unius
710 1512 858 1602 Oratio,
877 1538 922 1583 ne
939 1513 1072 1612 turpis-

111 1611 213 1680 ·si'ma
221 1627 341 1684 nostro
361 1607 495 1681 nomini
512 1605 631 1700 labes,
658 1635 701 1678 ex
718 1624 792 1679 tam
807 1609 938 1710 iniquis
956 1604 1074 1680 condi·

37 1737 42 1752 ·
127 1708 280 1780 tionibus
298 1712 470 1779 aeternum
488 1706 753 1778 adhaeresceret.

113 1837 118 1846 ¹
172 1805 298 1896 Nam,
321 1806 353 1875 si
374 1801 549 1895 nescitis,
566 1802 640 1876 vidi
660 1807 753 1874 'cum
779 1805 944 1878 universa
966 1809 1073 1906 poene

1 1975 2 2004 ᾖ
121 1903 280 1993 civitas,
305 1911 497 2002 pau'eonun
529 1899 714 1972 hominum
738 1903 900 1976 ’studiosa
929 1903 1072 2004 magis,

14 2059 19 2074 .
122 2000 373 2100 qudm'gloriae
387 2025 460 2071 suae
474 2005 627 2090 mernor,
654 1999 737 2070 dedi
763 2001 831 2070 sibi
854 2001 1072 2100 postulerat,

125 2125 215 2210 quos
240 2097 380 2170 habetis
404 2096 530 2169 vestris
557 2097 791 2188 invinculis,
819 2115 944 2196 parata
967 2097 1073 2170 vicis·

126 2223 222 2286 sam,
254 2223 342 2296 quos
358 2207 362 2214 '
376 2195 528 2293 captivos
551 2191 714 2286 fecisset,
746 2195 1000 2296 Carthaginem
1018 2221 1075 2268 re·
1103 2218 1268 2274 aramenta..¹

127 2294 272 2365 mitte're
288 2321 297 2363 ε
314 2292 408 2384 ridi,
431 2308 467 2366 et
489 2293 610 2363 vstlere
631 2293 763 2392 puduit
781 2295 820 2364 in
846 2293 998 2364 eandem
1022 2295 1076 2366 ire

128 2390 370 2481 sententiam,
395 2391 583 2491 quoderat
599 2390 695 2488 apud
722 2417 785 2460 nos
805 2389 958 2460 maxime
981 2416 1079 2464 sane-

128 2506 210 2560 tum
239 2505 347 2588 atque
368 2489 572 2601 integrum
595 2503 734 2586 partem
757 2483 950 2558 nobilitatis
974 2485 1079 2590 longe

129 2587 354 2676 maximam,
378 2585 591 2660 clarissimos*
608 2583 714 2682 Reip.
743 2599 870 2656 nostrae
897 2584 1077 2679 Ordines,

132 2687 305 2757 Senatum
335 2685 453 2781 ipsum
472 2683 573 2753 molli
586 2683 701 2753 nescio
722 2707 792 2782 quo
809 2683 1080 2756 commiseratio-

132 2783 188 2854 nis
207 2808 310 2853 sensu
336 2779 584 2854 miserabiliter
597 2776 790 2872 inflexum,
805 2780 966 2852 assentiri
988 2781 1080 2856 vods

135 2879 379 2976 communibus
390 2933 401 2971 ,
420 2895 458 2951 et
478 2877 716 2950 erinis-amin
759 2879 856 2950 atriae
869 2877 1020 2951 dedecus
1039 2903 1080 2948 ac

86 3057 90 3066 ‚
136 2978 277 3049 ruinam
303 2980 500 3050 Decretum
516 2977 624 3078 'pacis
651 3003 690 3046 ac
722 2905 864 3048 {iedefis
897 2975 1077 3048 meditari.

87 3123 91 3136 ·
139 3075 384 3148 Reclamatum
407 3089 462 3146 est
486 3079 508 3145 d
524 3101 582 3145 me
592 3073 770 3165 utiliter,
787 3074 941 3174 pugnari
958 3073 995 3141 in
1008 3095 1081 3141 om·

137 3201 199 3245 nes
218 3227 230 3264 ,
251 3175 343 3266 vici,
370 3173 539 3272 persuasi.
567 3170 651 3243 Non
676 3199 732 3242 me
762 3188 814 3240 tot
839 3175 1081 3240 matronanrm

137 3272 287 3362 orbitas,
311 3280 374 3342 aut
385 3271 485 3370 conju
511 3297 569 3361 es,
582 3285 644 3340 aut
656 3269 785 3337 liberos
798 3267 1078 3366 requirentium,

138 3395 209 3443 non
242 3369 408 3441 desolata·
431 3298 670 3439 multitudinis
698 3363 979 3456 obsecrationes,
1009 3391 1081 3435 non

139 3465 236 3539 urbis
246 3470 353 3542 totius
369 3464 591 3569 comploratio
604 3467 708 3555 ,·'n0n
725 3457 866 3533 familiae
883 3461 1081 3544 meoedolor

139 3593 181 3639 ac
201 3567 340 3658 luctus,
364 3590 435 3636 non
477 3580 575 3635 arata
593 3559 680 3632 mibi
698 3560 818 3633 reduci
837 3555 1026 3658 supplicia,
1045 3573 1082 3629 et

137 3679 324 3736 arentum
338 3591 522 3764 quodhiaet
538 3661 658 3732 tno'rtis
678 3682 786 3758 genus
804 3671 1080 3728 commoverunt.

185 3761 293 3864 Agite
314 3787 426 3862 ergo,
447 3759 775 3866 Carthaginienses,
792 3753 931 3830 irritum
944 3779 1008 3860 per
1023 3777 1084 3826 me
1148 3771 1150 3775 ·
