2736 4414
248 263 250 271 s
348 231 838 298 ura-nnmerum}
990 227 1060 326 571

124 345 206 422 satis
220 338 328 418 etiam
343 345 447 426 minis
455 395 471 431 ,
488 343 677 444 percellere
696 363 736 416 ac
752 351 913 416 revocare
932 345 976 416 ad
993 373 1070 430 sne·

84 501 87 505 -
125 443 251 519 liorem
265 441 403 542 [iugem
420 441 611 515 conaberis.
626 443 678 512 At
686 440 837 533 frustra,
850 467 967 543 neque
977 441 1068 516 bene
1130 474 1135 479 ·

126 557 329 616 monentem
354 541 498 631 audiet,
524 567 640 640 neque
662 539 823 640 graviora
844 539 1068 612 minitantem

126 639 359 712 reverebitur.
385 638 458 734 Hic
472 638 540 710 erit
554 636 690 713 frustm
718 639 848 709 amoris
873 637 968 708 illins
992 637 1068 728 tui,

91 733 93 736 ⁵
127 736 193 808 hoc
217 736 381 810 mollioris
398 736 498 808 indul
523 736 628 808 entiae
637 735 802 808 solatium
818 732 922 806 feres.
936 731 1070 805 Desine

127 861 211 933 ergo
227 833 473 906 illecebrarum
494 763 724 935 iujusmodis
749 832 902 931 reprime
922 831 1072 904 viriliter

127 947 166 1002 et
185 931 278 1002 intra
298 931 472 1032 legitimos
488 931 574 1004 fines
598 931 735 1003 contine
776 947 979 1028 raeposteros
996 931 1072 1001 exi-

129 1027 224 1098 sialis
242 1027 495 1103 benevolentiae
515 1030 681 1128 impetus.
705 1028 765 1100 Ha
790 1055 825 1104 es
843 1028 961 1119 aliud,
978 1029 1074 1099 unde

129 1141 311 1214 maternus
333 1155 431 1200 emor
452 1153 489 1199 se
513 1125 665 1228 prodat,
686 1153 751 1198 nec
772 1126 930 1198 incurrat
952 1143 1077 1197 tamen

131 1222 327 1320 poenitendi
356 1225 565 1325 periculum.
593 1225 741 1297 Provide
763 1221 869 1295 filiolo
887 1223 953 1294 'illi
985 1239 1073 1312 tuo,

132 1345 241 1418 quem
256 1347 376 1416 amas,
393 1323 651 1407 institutionem
672 1322 825 1412 bonam,
846 1321 954 1392 nullis
970 1345 1076 1420 parce
1197 1313 1199 1320 ¹

134 1419 356 1516 sumptibus,
374 1436 416 1493 ut
477 1419 560 1492 ritos
578 1419 711 1520 pariter
731 1435 769 1490 at
795 1445 840 1490 ue
857 1419 1076 1516 incorruptos

134 1515 371 1588 moderatores
383 1446 533 1590 subiise
547 1547 559 1610 3
573 1516 731 1589 studium
745 1447 892 1608 liboris,
913 1515 1078 1587 doctrinae

135 1611 365 1706 desiderium,
377 1615 550 1686 bonarum
567 1617 697 1687 artium
713 1613 976 1687 aemulationem
1018 1639 1101 1690 uo*X

26 1761 35 1789 ι
125 1734 208 1809 Δ(1110
223 1712 336 1810 pretio
353 1713 483 1784 teneris
497 1713 622 1786 animis
638 1713 826 1813 ingenerat,
844 1737 985 1784 occurre
1030 1708 1083 1780 'li-

136 1823 259 1906 genter
277 1810 501 1883 nascentibus
518 1827 555 1882 et
571 1807 838 1910 erumpentibus
850 1809 1008 1927 primurn
1023 1803 1079 1878 vi-

136 1904 217 1995 tiis3
239 1907 371 2005 castiga
385 1910 580 2006 prudenter
591 1906 804 1999 socordiam,
817 1907 992 1979 malorum
1004 1931 1081 1976 om·

127 2001 238 2072 ‚nium
260 1999 652 2076 lonsemsetexrimum.
682 2003 847 2106 Denique
873 2005 916 2076 ed
940 2019 977 2075 te
1006 2001 1085 2102 lege
1204 2018 1224 2048 -·

135 2101 278 2168 tantum
291 2098 440 2170 amicam
449 2117 512 2170 ant
528 2101 640 2186 etiarn
649 2098 917 2193 blandientem,
934 2101 964 2172 si
974 2097 1084 2188 voles,

140 2193 290 2284 sentiat,
315 2211 356 2264 ut
373 2195 517 2294 singulis
542 2193 736 2268 officiorum
757 2225 903 2270 suornm
924 2193 1086 2298 partibus

54 2291 62 2300 '
140 2290 262 2362 sedulo
282 2315 323 2360 ac
338 2297 538 2364 constanter
551 2289 777 2391 defungatur.
797 2293 902 2364 Vale.

144 2491 1084 2524 mmmmm

486 2617 815 2710 ΑΜΙΟΟν

151 2795 274 2892 Quem
283 2797 435 2896 iniquas
446 2815 837 2900 mmorspmrsemtex
845 2799 954 2895 gravi
964 2793 1091 2868 morbo

422 2895 557 2992 suisne
576 2895 801 2967 emtinctum.
1000 2913 1002 2922 ’

149 3012 311 3159 Virro,
335 3066 487 3158 Amice,
512 3094 630 3238 nepus
652 3089 758 3140 verus
780 3067 840 3139 ille
863 3095 985 3139 rumor
1006 3085 1090 3156 est,
1130 3096 1243 3146 omnm
1256 3105 1281 3142 a

148 3166 268 3268 quite
289 3166 499 3238 exstinctum
515 3193 554 3238 re
570 3164 717 3239 erebant
743 3167 777 3237 O
802 3193 878 3236 rem
897 3165 1040 3244 laetam!
1062 3171 1090 3238 ,ὃ
1103 3164 1258 3214 ⁰¹²⁸¹²¹¹¹³lffl

151 3265 209 3338 me
236 3279 365 3364 praetor
395 3264 688 3363 exspectationem
704 3258 859 3336 ¹ornnem
888 3260 1025 3336 felicem
1051 3291 1091 3334 ac

150 3356 391 3434 fortunatum!
422 3361 600 3464 Equidem
616 3358 753 3434 fatebor
766 3361 861 3464 quod
873 3351 998 3434 'verbm
1012 3377 1091 3453 est,

19 3491 26 3512 ·
151 3459 365 3552 Carissime3
387 3485 571 3562 nunquam
593 3487 658 3560 ego
684 3460 776 3531 sensi
798 3457 924 3530 melirls
938 3475 1090 3560 quanto·
1177 3481 1183 3494 ·

153 3562 295 3657 parete
312 3557 374 3630 dili
398 3585 496 3630 erem
513 3608 526 3648 ,
551 3562 661 3667 quam
684 3561 763 3634 cbm
778 3553 958 3642 fimestum
975 3559 1020 3629 ad
1035 3586 1092 3630 me
1159 3625 1162 3631 .

153 3655 318 3727 nuntium
328 3584 487 3729 deintum
493 3671 573 3777 pst,
589 3657 683 3729 unde
698 3653 808 3727 intelli
835 3655 938 3727 ebam
952 3671 987 3727 te
1004 3653 1094 3728 mibi

143 3753 346 3826 'carendum
367 3781 442 3828 esse
466 3754 749 3856 inperpetuum.
783 3682 881 3828 Ngam
905 3755 1007 3855 quasi
1039 3753 1092 3826 l'a-

640 3945 644 3962 ,
687 3941 688 3944 ,
906 3938 912 3947 .
