2668 4414
300 175 371 249 118
527 196 1044 256 ,ιιιιιτιοιιιοεη

299 273 414 368 allatii
429 293 547 367 multis
560 294 687 386 rebus,
706 295 901 396 iisdemque
917 296 1076 397 rejectis,
1095 311 1137 370 ut
1153 295 1236 371 sub-

297 391 437 492 jiciatur
453 394 598 464 tandem
615 421 745 464 novum
759 393 893 493 aiiquid
905 409 942 466 et
953 395 1096 466 minime
1113 423 1236 498 expec-

298 506 432 562 11111111ιί
455 483 748 590 quodiulaudato
765 518 849 561 mox
865 491 939 564 loco
951 493 1069 565 videre
1085 509 1150 564 ert.

348 582 469 658 Habes
490 585 559 659 alia
584 587 852 660 sustentationis
869 590 1031 688 exempla
1047 619 1109 691 pro
1128 591 1233 662 Rosc.

300 685 427 756 Amor.
447 713 484 756 n.
503 684 637 784 39.pro
651 685 799 778 Quintio
811 714 848 757 n.
865 687 925 758 66.
941 687 977 759 3.
996 689 1079 760 Ver.
1099 697 1181 778 141.
1197 695 1236 778 4.

298 784 385 872 Ver.
404 785 485 854 106.
505 782 540 852 3.
560 783 597 854 in
609 783 693 858 Rut
709 811 747 855 ιι.
768 809 824 854 11.
843 783 1100 886 proDejotaro.
1113 813 1150 855 n.
1170 785 1233 856 26.

349 881 571 992 Aposiopesis
588 908 650 952 seu
667 881 864 952 Retieentia
874 934 886 972 ,
905 899 959 953 est
983 881 1135 982 Figura,
1163 887 1237 994 qud

299 981 422 1050 Oratio
450 978 669 1050 interciditur
690 995 727 1050 et
761 977 1055 1080 interrumpitur,
1087 980 1236 1078 alicujus

323 1075 464 1148 rarioris
495 1071 638 1148 aflectus
660 1072 875 1176 significandi
893 1078 1018 1176 gratid.
1038 1079 1093 1148 Ita
1114 1076 1238 1148 Cicero

225 1187 229 1200 “
298 1106 411 1273 ilpist.
434 1199 495 1245 21.
521 1175 568 1248 ed
588 1173 748 1246 Atticum
765 1173 846 1244 Lib.
874 1201 909 1272 7.
934 1176 979 1246 de
997 1139 1162 1274 Pbmpeio
1185 1175 1239 1246 }o-
1326 1201 1330 1214 ·

325 1298 430 1361 uene,
449 1270 549 1369 cujus
567 1271 670 1343 saluti
681 1271 880 1363 metuebat,
899 1271 1240 1372 u'titurAposiopesi.

343 1395 366 1439 e
382 1370 476 1440 Pom
503 1373 564 1442 eio
577 1363 657 1440 icio
668 1359 784 1455 nihil,
799 1396 960 1471 eumque
973 1375 1047 1442 m'si
1061 1373 1101 1441 iri
1112 1375 1242 1442 navim

172 1543 175 1553 Α
297 1398 579 1562 ιςοοηιιιὲήι,
597 1492 696 1538 exce
723 1483 801 1538 mm
813 1471 862 1539 iri
867 1487 979 1568 puto.
999 1467 1040 1540 Ι0
1057 1467 1239 1539 celerita-

298 1582 375 1638 tem
403 1563 688 1635 incredibilem.
718 1564 832 1663 hujus
856 1584 983 1636 autem
1003 1569 1141 1650 nestri,
1165 1565 1246 1637 red

298 1688 372 1734 non
387 1687 545 1777 possum
557 1673 740 1733 accurare
759 1688 866 1746 eum,
896 1661 950 1733 de
970 1689 1045 1763 qua
1064 1689 1186 1762 angor
1198 1681 1243 1736 et

297 1783 465 1831 cmczor.
480 1811 489 1828 .
509 1813 517 1830 .
535 1759 658 1830 reticet
673 1758 891 1831 tarditatem
905 1775 968 1829 aut
983 1764 1185 1860 ignaviam.

347 1853 552 1928 Adhibetur
584 1856 691 1927 etiam
722 1883 1007 1956 nonnunquam,
1035 1871 1103 1948 ut,
1139 1859 1244 1957 qudd

298 1955 480 2044 reticetur,
496 1952 610 2051 majus
634 1953 814 2055 quidpiam
841 1953 1039 2056 suspicandi
1065 1955 1126 2024 det
1154 1980 1246 2024 cau«

298 2080 376 2124 eam
385 2103 397 2144 ,
417 2055 525 2152 quim
541 2052 570 2124 si
586 2047 784 2124 efferretur.
796 2051 917 2122 Cicero
926 2079 988 2150 pro
998 2051 1108 2123 Coelio
1121 2078 1158 2121 n.
1170 2053 1243 2149 694

298 2151 381 2230 Hic
396 2154 513 2222 etiam
529 2149 712 2223 miramur
724 2201 739 2235 ‚
756 2153 791 2221 si
807 2147 917 2221 illam
937 2151 1243 2222 commentitiam

288 2249 488 2352 pyxidem
501 2247 780 2320 obscenissima
794 2246 999 2344 sitfizbudi
1019 2265 1241 2319 consecutas

299 2331 415 2420 Nihil
422 2365 482 2418 est
493 2345 600 2447 quod
611 2349 650 2418 in
665 2345 853 2446 ejusmodi
875 2345 1071 2417 mulierem
1094 2343 1242 2416 cadere

298 2473 371 2517 non
387 2444 579 2517 videatur.
604 2442 760 2516 *Audita
782 2441 1057 2544 etpervulgata
1074 2459 1116 2512 et
1135 2441 1242 2512 ccle-

301 2541 411 2614 drata
426 2542 658 2614 sermonibus
673 2568 734 2614 res
751 2561 820 2613 est.
847 2543 1053 2640 Perczpitis
1073 2541 1212 2610 animis
1221 2591 1256 2642 ,λ

215 2650 224 2672 ⁰
298 2640 457 2726 Judiceo
469 2691 484 2724 ,
494 2639 731 2740 jamduddm‘
747 2639 847 2738 quid
861 2637 980 2710 velim
990 2687 1006 2722 ,
1029 2636 1242 2737 celpetidc

298 2737 399 2838 quid
409 2738 525 2812 nolim
536 2737 666 2810 dicere
680 2769 691 2808 .·
705 2735 936 2837 quodetiam
950 2738 985 2806 si
998 2735 1237 2832 cursitem,

299 2837 438 2906 cerrdd
460 2833 575 2908 Caelio
590 2861 664 2908 non
679 2835 903 2933 estfizctum.

341 2927 468 3006 Potest
481 2935 588 3004 etiam
606 2933 675 3004 dici
699 2932 974 3031 praetermissum
989 2927 1119 3002 illudit
1133 2927 1238 3000 Cinea

299 3059 383 3112 ¹rone
399 3032 552 3103 vitandae
573 3029 809 3103 obscoenitatis
827 3033 946 3104 causil-
1252 3109 1258 3121 ¹

303 3194 305 3202 ,
348 3127 533 3228 Emphasis
546 3145 600 3200 est
614 3127 765 3228 Figura,
795 3131 867 3228 qud
882 3131 1012 3198 Orator
1032 3124 1111 3224 plus
1128 3123 1237 3222 signi-

299 3225 405 3320 ficar,
432 3232 542 3327 quam
571 3227 666 3298 dicit.
696 3229 788 3318 Quae
813 3226 981 3323 quoniam
1011 3219 1161 3294 refertur
1189 3222 1254 3324 ad·

299 3323 540 3426 Hyperbolem
557 3327 601 3397 de
625 3327 697 3426 quit
718 3325 792 3425 jam
808 3321 959 3398 diximus
973 3374 984 3414 ,
1004 3317 1162 3422 pluribus
1178 3315 1242 3388 hie

299 3422 618 3524 rupersedebimus.
