2756 4414
287 180 360 334 tion
542 231 969 352 'nn‘nrcsrcnfl

470 439 472 448 ·
565 403 954 486 ACTOR'ES.

240 631 246 654 Ι
287 585 671 676 trn1cnnrns,Dux
693 582 792 656 belli.
837 583 866 659 .'
965 617 985 630 ··
1024 617 1060 654 ,·

287 707 495 772 Acoreus,
524 679 707 781 Iphicratis
732 679 940 778 Accusators

288 804 525 852 srurconus
537 832 548 871 ,
570 781 713 852 Acoctae
734 775 925 865 Defensor.

287 901 503 968 cnrrrcos,
528 875 656 950 Judex.

572 1068 944 1150 tentemus.

288 1169 524 1315 Vsusne,
545 1221 688 1296 Judices
699 1273 710 1314 ,
723 1239 798 1322 *pro
812 1220 907 1294 virili
917 1235 1021 1320 parts
1040 1220 1137 1295 ultus
1149 1249 1233 1298 sum

287 1319 457 1421 injurias,
490 1346 587 1390 meas
618 1317 795 1411 vicissim,
851 1347 890 1391 ro
918 1317 1084 1418 aequitate
1113 1326 1233 1404 'vestra

287 1421 476 1495 vindicate.
487 1420 543 1490 En
550 1411 649 1487 urbis
664 1418 798 1490 moenia
810 1348 988 1492 nisidione
1002 1411 1231 1513 solutasunt,

286 1515 429 1619 fugatus
451 1533 505 1588 est
518 1515 649 1605 hostis,
664 1512 748 1585 civis
763 1514 837 1614 jam
848 1515 940 1586 liber
953 1530 1052 1587 metu
1067 1514 1228 1628 respirat.

288 1617 422 1688 Moeret
438 1613 529 1686 heu!
550 1615 589 1683 in
605 1612 784 1688 communi
796 1613 919 1684 laetitii
934 1614 1153 1686 uncvictorrs
1166 1616 1232 1688 do·

288 1741 368 1786 mus
374 1765 386 1805 ,
449 1737 592 1824 rquem
607 1705 775 1783 effectum
794 1727 869 1803 est‘,
892 1727 936 1788 ut.
948 1711 1138 1812 unicuique
1149 1739 1233 1785 ves·

287 1812 384 1881 trum
429 1811 542 1900 bens,
570 1806 744 1910 conjuge,
773 1825 811 1880 et
829 1807 999 1880 incolumi
1024 1810 1138 1907 patrii
1159 1807 1233 1882 frui

287 1905 433 1994 liceret!
452 1905 548 1978 Huic
574 1931 620 1994 ne
647 1933 727 1978 suos
748 1906 893 2006 quidem
919 1905 1047 1976 liberos
1078 1907 1235 1980 revisere

288 2022 326 2080 et
345 2003 509 2105 amplecti
529 1999 581 2073 fas
610 2020 676 2073 est.
703 2003 810 2094 Quod
832 2003 948 2102 cipro
971 2001 1087 2103 patrii
1112 2005 1239 2098 conci-¹
1287 2003 1293 2020 '

286 2105 438 2194 dissent,
465 2101 495 2174 si
518 2099 672 2200 parentis
692 2099 739 2171 ad
763 2098 856 2172 latus
877 2103 959 2171 ente
986 2126 1105 2174 muros
1132 2099 1234 2175 urbis

285 2201 357 2274 illis
384 2217 548 2316 oppetere
574 2195 797 2299 contigisset,
836 2223 961 2269 corum
992 2197 1165 2298 jacturam
1193 2199 1236 2272 in·

286 2302 428 2372 tuendis
450 2299 521 2371 suis
547 2295 683 2369 civibus
703 2295 795 2369 bene
824 2296 1027 2368 collocatam
1043 2315 1207 2410 putarem
1217 2306 1238 2392 ,⁸

287 2415 326 2470 et
342 2398 534 2474 liberorum
556 2397 706 2468 honesta
731 2421 824 2467 mors
847 2395 956 2494 patris
977 2394 1164 2468 orbitatem
1180 2413 1236 2468 so·'

286 2495 434 2569 laretur.
450 2495 558 2568 Nunc
577 2519 636 2566 eos
657 2493 696 2564 in
734 2495 832 2566 atrise
854 2493 933 2563 sinu
948 2490 1073 2563 fraude
1085 2493 1235 2565 circum·

287 2608 436 2686 ventos,
464 2617 646 2698 oppressos
673 2521 871 2682 seimonis,
893 2585 1021 2658 falsum
1043 2591 1152 2686 patris
1172 2591 1233 2662 'ob

285 2692 421 2763 crimen
445 2691 650 2792 turpissimi
678 2705 791 2758 morte
864 2685 982 2776 riisss,
1009 2685 1090 2788 quis
1112 2684 1232 2760 serati
1270 2707 1276 2728 '

285 2790 318 2862 E
344 2789 465 2862 uidem
482 2793 562 2862 cum
584 2783 801 2882 Reipublicae
841 2777 1057 2854 ssessionem
1073 2781 1232 2886 suscepi,

285 2816 427 2960 miiltun
447 2885 537 2958 mihi
552 2883 624 2956 fore
641 2897 819 2952 certamen
841 2879 1145 2976 existimaverunt,
1163 2885 1233 2958 nisi

284 3013 368 3058 curn
386 2981 544 3058 hostibus
587 2978 706 3051 atriae·
732 2979 873 3051 nullum
888 2978 957 3050 nisi
975 2978 1022 3050 sb
1038 2980 1108 3053 illis
1124 2979 1231 3054 refor-

285 3083 420 3156 midati
445 3007 654 3182 pericuium.
684 3031 774 3149 ficce
799 3075 888 3149 milri
917 3075 1002 3149 civis
1034 3075 1147 3152 factus
1177 3097 1232 3152 est

284 3177 384 3254 hoste
402 3175 574 3251 crudelior
582 3205 594 3268 3
615 3175 726 3248 hostis
743 3175 839 3248 enim
854 3203 933 3249 meo
948 3191 1132 3249 contentus
1148 3196 1236 3248 san·¹

284 3281 412 3382 guise,
431 3275 609 3348 innocenti
620 3274 814 3348 liberorum
830 3275 994 3377 sanguini
1003 3276 1228 3390 pepercisset.

336 3370 435 3472 Quid
450 3373 575 3475 plura?
593 3371 701 3446 nostis
721 3373 910 3474 injuriam,
930 3368 1089 3465 Jurhccs,
1109 3390 1234 3444 auctor

160 3505 165 3518 ¹
285 3477 324 3548 in
340 3477 526 3576 conspectu
549 3490 615 3545 est.
642 3475 810 3547 vescum
836 3489 906 3565 cst,-
928 3499 992 3572 pro
1009 3471 1127 3584 legum
1144 3497 1231 3542 nos·

222 3645 225 3654 ,
285 3587 423 3648 trorum
452 3573 642 3671 aequitste,
667 3586 843 3662 statuere,
869 3587 910 3642 ut
927 3594 992 3668 par
1014 3595 1092 3668 pan
1120 3595 1229 3669 poena

268 3669 473 3744 ·referatur.
507 3667 590 3741 Non
617 3671 660 3740 u't
687 3668 859 3742 moriatur
888 3669 1037 3739 Acoetes
1073 3667 1225 3768 postulo.

285 3767 394 3842 Vivat
410 3771 516 3858 sane,
544 3765 712 3868 quoniam
735 3762 818 3843 ritae
846 3791 934 3838 mese
962 3766 1141 3866 pepercit3
1166 3763 1226 3836 scd
1324 3775 1336 3792 “
