2756 4414
357 279 530 325 ursan
573 278 886 327 sncuunus.
996 257 1069 348 403

126 374 240 448 animi
257 373 470 451 calumniam
492 375 693 477 depelleret.
712 377 821 450 Dolet
835 375 889 448 illi
904 377 1069 452 nimirum

132 474 198 544 boo
225 471 291 544 sibi
313 471 398 546 vitio
428 473 525 566 dari,
549 475 644 575 quod
666 477 762 575 apud
783 475 900 574 ipsum
923 503 1069 548 summae
1144 533 1147 542 Ι

133 571 311 668 sapientia·
325 571 501 671 specimen
518 589 572 643 est
577 600 590 663 3
607 589 752 673 tamque
772 572 917 644 insitum
937 571 1088 666 bomini¹

133 683 237 766 putat
266 689 341 741 esse
377 695 433 742 res
451 685 672 774 -promovere
700 695 807 756 suas,
829 669 914 741 dum
939 671 1072 741 occasio

77 831 79 836 .
135 767 316 836 commoda
333 793 369 838 se
386 764 511 859 offert,
530 783 572 839 ut
587 768 735 838 miretur
748 767 785 838 id
798 767 834 839 in
853 795 889 840 se
902 772 1074 870 tanquam

133 863 298 934 vitiosum
326 865 477 936 incusari
489 917 501 957 ,
532 867 626 966 quod
646 865 684 935 in
709 891 852 952 omnes,
878 868 1071 964 quodcum-

162 987 206 1032 ue
240 960 334 1031 nacti
368 979 450 1035 sunt
485 963 629 1054 solum,
670 962 794 1034 cadere
836 989 977 1034 necesse
1018 964 1074 1037 sit.

130 987 214 1129 ,ἧσο
284 1064 342 1128 rrb
378 1060 405 1130 si
453 1058 660 1132 Normanno
701 1059 1000 1152 condonabimus,
1035 1076 1077 1132 ut

136 1181 200 1228 can
228 1155 235 1170 '
262 1179 293 1226 ae
321 1172 357 1226 et
379 1156 541 1257 ingenuae
568 1157 696 1229 mentis
720 1157 825 1230 laude
897 1155 1075 1249 rfruatur3

136 1251 166 1322 si
187 1279 303 1353 neque
320 1279 361 1324 oo
381 1254 591 1326 incusandae
609 1256 750 1325 nomine
768 1185 964 1348 videbitur,
982 1255 1078 1354 qubd

136 1350 283 1422 utilitati
345 1351 470 1448 roprioe
499 1353 641 1422 studeat
671 1367 813 1450 proeter·
828 1354 973 1433 modum
988 1381 1000 1444 3
1017 1369 1080 1424 ‘au

136 1447 301 1518 continub
364 1447 534 1546 'ncipatbs
552 1449 818 1560 prerogativam
834 1445 942 1540 feret,
957 1465 993 1519 et
1009 1475 1077 1522 cae-

140 1545 224 1614 teris
241 1587 260 1634 ,
279 1544 490 1644 quibuscum
514 1545 582 1645 ipsi
603 1546 706 1616 hochb
726 1545 900 1617 contentio
919 1561 996 1636 est,
1015 1573 1087 1634 an-⁸

140 1641 358 1740 teponendus
375 1637 595 1714 censebitur?
612 1641 695 1714 Non
713 1659 792 1734 est,
816 1641 905 1713 mibi
926 1642 1056 1714 credite
1065 1696 1081 1730 ,

140 1755 215 1810 tem
235 1739 419 1810 ambitiosa
444 1765 529 1840 gens
554 1741 633 1832 itta,
656 1757 696 1812 ut
720 1741 850 1839 priores
878 1757 994 1840 partes
1016 1741 1083 1811 sibi

140 1837 316 1928 vindicet,
359 1837 388 1908 si
426 1839 529 1909 modb
558 1837 689 1938 ingenii
731 1838 785 1908 sui
820 1854 927 1938 atque
957 1839 1083 1909 indolis

137 1933 431 2006 obtrectatoribus
463 1963 500 2007 os
526 1936 818 2008 occluserit..lmb
842 1936 1009 2035 quoniam
1033 1937 1085 2008 ita

133 2049 358 2132 comparatos
379 2032 601 2126 Normannos
619 2033 845 2132 experimur,
868 2051 909 2103 ut
921 2033 1085 2118 solavir-

141 2147 222 2202 tute
238 2131 413 2220 contenti,
441 2131 582 2204 virtutis
608 2131 751 2230 praemio
779 2129 872 2201 ultr‘b
902 2129 1087 2202 lubenter-

143 2253 216 2334 que
243 2251 361 2298 carere
386 2228 603 2320 sustineant,
629 2253 674 2298 ne
701 2229 784 2324 ipsis
811 2225 903 2300 hanc
926 2228 1088 2300 invidea'-

145 2351 226 2399 mus
249 2323 414 2424 glorian,
435 2341 476 2396 ut
498 2351 580 2396 cum
604 2340 809 2396 caeterarum
834 2324 1008 2394 virtutum
1031 2351 1090 2394 co-

146 2423 277 2494 irritatu
285 2421 473 2522 singularis
485 2421 664 2494 modestiae
680 2419 887 2492 conscientia
904 2415 1091 2520 perfruan-

143 2537 218 2592 ω.
733 2567 735 2576 ¹
1070 2551 1073 2558 .

92 2672 101 2684 ,
195 2619 243 2690 Et
280 2615 468 2689 Picardum
507 2615 622 2689 laudis
653 2615 830 2689 emulatio
865 2615 1088 2688 stimularitr

143 2716 281 2788 {nomini
305 2717 335 2786 si
356 2715 535 2806 creditur,
562 2715 712 2786 debetur
737 2713 835 2814 genti
862 2739 934 2786 suae
952 2715 1093 2786 con'ten-

147 2811 253 2884 tionis
280 2812 458 2884 bobiernoe
486 2814 630 2914 palma,
662 2837 726 2883 nec
752 2812 825 2882 siue
854 2811 953 2910 gravi
979 2808 1092 2883 offen-

149 2911 247 2981 sione
271 2907 430 2982 Picardis
454 2911 568 3012 potuit
597 2909 793 3008 principatu
819 2905 993 2980 bustrari.
1019 2909 1109 3002 Exg

152 3008 380 3108 temporalem
408 3007 539 3106 ingenii
563 3003 715 3096 iustum,
739 3031 835 3076 acres
853 3007 1013 3098 animos,
1031 3035 1096 3077 nec

149 3105 345 3205 impolitam
364 3159 375 3196 ,
394 3131 457 3203 pro
485 3103 598 3204 gentis
621 3101 760 3192 indole,
787 3103 1005 3174 Orationem¹
1023 3131 1099 3174 sus·
1174 3121 1194 3168 .·

146 3203 307 3306 peristis.
334 3203 474 3274 Tamen
527 3203 633 3273 utatis
656 3227 733 3272 rem
756 3215 869 3272 actam
894 3200 1009 3291 scrib,
1035 3219 1098 3272 aut

149 3319 287 3374 tantam
302 3327 376 3373 esse
394 3230 540 3370 Piosrrib
560 3295 745 3388 fiduciata,
770 3313 811 3366 ut
835 3295 988 3396 reliquos
1002 3295 1097 3378 inter

151 3399 276 3473 Gattiae
350 3397 450 3498 pulos
472 3396 739 3496 praerogativam
757 3391 913 3465 ambiat?
930 3395 1005 3495 Ego
1027 3423 1099 3468 non

148 3503 285 3572 'temere
344 3523 426 3569 rsan
445 3494 619 3592 suspicer,
641 3489 761 3563 iecisae
790 3490 953 3563 innatum
971 3495 1101 3592 ‘patriae

154 3619 335 3689 amorem,
358 3612 394 3668 et
413 3593 529 3664 insitas
553 3590 717 3672 bonitatis
734 3604 889 3662 mentem
907 3591 1097 3682 consciam,

155 3709 198 3766 ut
235 3694 367 3765 doleret
405 3692 542 3764 nullam
575 3688 720 3761 haberi'
741 3689 785 3759 de
828 3689 1006 3788 provincia
1037 3689 1100 3764 suti

154 3793 405 3893 quaestionem,
423 3807 459 3864 st
475 3788 640 3864 Fundos
658 3785 754 3862 nulio
774 3786 933 3954 repCutari
947 3787 986 3862 in
1004 3786 1077 3858 loeo
1085 3838 1098 3878 ,

239 3937 244 3945 ·
865 3909 931 3955 ca
