2768 4410
352 215 562 278 arona
617 231 887 278 rr1mos.
1012 193 1080 278 mi

475 385 750 434 ossr1m

190 519 283 589 Ero
317 516 491 607 vinceris,
526 517 612 587 Dux
651 512 865 588 fortissimel
894 519 1086 590 metuenda
1202 577 1206 584 .

143 618 214 688 tuis
241 545 399 687 bostibus
416 631 452 686 et
469 613 590 684 fatalia
651 614 825 684 stmodlon
843 611 964 684 flatura
986 617 1092 714 ponis'

143 714 270 784 armat
297 715 410 784 Roma
444 737 566 810 pacem
589 738 609 779 o
635 710 750 782 tinetl
771 711 910 784 Scilicet
927 713 1086 784 imbelles

145 809 299 884 foeminae
316 811 475 881 animum
496 809 598 880 illum
617 823 840 910 expugnant,
865 811 972 909 qbem
988 810 1087 882 nulla

145 934 304 1008 unquam
320 907 492 979 bellorum
507 904 686 1017 pericula,
714 905 820 976 nullas
839 907 987 978 Senatsss
1003 935 1086 1022 pre3

148 1033 229 1094 ces,
263 1005 381 1076 nullos
415 1020 597 1076 moerentis
636 1019 673 1074 at
715 1001 937 1114 obsequentis
968 1006 1090 1104 popub

146 1103 263 1194 dolor,
286 1103 392 1174 nullas
416 1099 642 1201 quantumvis
668 1097 864 1173 honorificae
887 1102 994 1174 oblati
1020 1099 1087 1175 l'oe·
1169 1171 1173 1177 .

147 1201 239 1272 deris
270 1201 511 1290 conditiones,
541 1225 613 1269 non
640 1199 718 1296 ipsa
746 1199 891 1277 ruituras
917 1199 990 1300 jam
1019 1200 1026 1215 '

146 1297 185 1370 in
212 1297 346 1369 cineres
384 1296 506 1396 patriae
521 1294 658 1366 caritas
681 1291 889 1368 inflexerat?
912 1229 1089 1407 Equirlcm

147 1423 218 1466 non
241 1394 398 1464 incusem
423 1421 442 1462 e
466 1423 485 1462 o
506 1393 675 1490 pietatem
696 1409 815 1485 tuam,
838 1395 925 1464 Dux
941 1393 1096 1466 lortissiae

148 1519 206 1563 me
223 1520 234 1582 3
251 1491 317 1562 scio
334 1493 422 1591 quid
443 1419 572 1562 blanda
592 1488 742 1587 conjux,
766 1491 861 1590 opud
876 1489 987 1564 fidum
1005 1520 1088 1564 conv

148 1589 294 1688 jugem,
331 1589 418 1689 quid
446 1588 601 1660 verenda
636 1603 750 1658 mater
778 1589 873 1686 apud
910 1606 1089 1663 ornantem

148 1683 264 1758 filium
289 1687 406 1786 possit.
436 1687 488 1756 At
513 1751 517 1760 ,
541 1701 663 1777 atere,
700 1712 820 1761 meum
850 1702 891 1757 ut
913 1703 1090 1786 stuporem
1120 1713 1122 1718 ’

148 1784 240 1876 tibi,
278 1801 314 1856 et
338 1714 608 1872 incredibilbm,
633 1780 695 1896 qui
725 1811 787 1881 pro
820 1799 854 1854 to
884 1811 941 1855 me
968 1789 1088 1888 angit,

146 1899 286 1954 metum
297 1882 467 1981 aperiam.
486 1880 582 1952 Nam
600 1881 687 1981 quid
704 1898 825 1980 putem
843 1882 1012 1975 dembm,
1032 1885 1090 1956 vel

148 1981 238 2094 quid
263 1979 406 2080 loquar?
430 1981 490 2048 An
510 1979 638 2050 oblitus
662 1979 766 2050 hodio
789 1981 843 2050 tul
867 1979 928 2050 eol
963 2007 1007 2052 an
1030 2009 1091 2081 pe-

148 2077 303 2170 riculum
330 2103 398 2147 non
428 2077 526 2148 vidos
539 2127 550 2168 ,
579 2077 674 2176 quod
704 2076 827 2147 subis?
852 2078 908 2148 Sic
930 2077 1093 2152 incboata
1211 2105 1214 2112 ·

149 2191 251 2246 tanto
264 2173 398 2244 arnbitu
414 2189 529 2272 coepta
544 2191 721 2244 momento
737 2175 932 2246 excidunt?
951 2177 998 2247 sic
1008 2205 1092 2276 pro-

150 2271 240 2372 priae
272 2271 393 2341 salutis
429 2287 645 2370 contemptor
675 2272 711 2342 in
747 2290 909 2371 apertum
946 2275 1094 2348 exitium

150 2367 310 2441 corruis?
402 2433 404 2438 .
539 2391 543 2400 “
747 2391 750 2398 “

200 2463 263 2542 Ab
280 2466 405 2538 llioeat
421 2493 583 2540 revocare
597 2465 663 2538 tibi
673 2468 712 2537 in
723 2468 929 2538 memoriam
943 2521 954 2560 ,
975 2497 1044 2569 quo
1057 2485 1093 2541 to

151 2565 295 2640 consilio
303 2565 348 2641 ad
356 2565 626 2668 oppugnandam
633 2567 783 2636 Romam
797 2566 998 2659 accinxeris3
1013 2568 1092 2668 quis
1118 2584 1284 2667 ⁸intensam·

149 2661 947 2753 fueritsensusarmommtuorum‚cbminferre
959 2665 1092 2738 ballum
1107 2665 1152 2710 ²¹²¹

177 2763 276 2834 atriis
291 2765 466 2836 moenibus
482 2761 648 2836 statuisti.
668 2761 750 2833 Non
771 2779 806 2834 te
825 2765 996 2862 impotens
1014 2793 1092 2836 am-

149 2791 260 2950 bitio,
275 2885 344 2929 non
360 2889 452 2932 coeca
461 2860 666 2932 dominandi
676 2860 847 2961 cupiditas
855 2913 866 2953 ,
881 2888 950 2932 non
963 2861 1092 2934 civium

151 2973 296 3028 tuorum
320 2958 424 3049 odia,
448 2985 518 3036 nou
546 2958 758 3056 injuriarum
784 2956 993 3048 recordatio,
1022 2985 1093 3031 non

58 3060 64 3112 ’-
150 3052 383 3152 implacabilis
410 3056 572 3127 vindictas
599 3053 697 3127 l'uror
721 3068 869 3128 manum
894 3061 1092 3127 orsntrunt.

152 3153 263 3224 Atto
290 3151 424 3220 sincera
451 3153 573 3248 patriae
595 3155 742 3245 caritas,
769 3154 940 3240 libertatis
968 3179 1091 3244 amor,
1183 3165 1186 3172 ’

152 3251 278 3324 Romae
326 3246 437 3336 loris,
470 3249 613 3346 Imperii
639 3251 734 3320 salus
763 3251 808 3318 ad
833 3249 1094 3348 suscipiendum

153 3346 287 3419 bellum
303 3275 370 3417 boc
387 3344 570 3513 populere.
588 3343 672 3416 Non
697 3345 842 3444 potuisti
864 3345 956 3420 ferre
978 3348 1093 3420 domi·

154 3463 300 3517 nantem
353 3444 386 3515 le
412 3471 493 3532 em,
527 3442 613 3514 dom
640 3442 802 3514 nobilitas
830 3445 1002 3518 servirett
1027 3446 1091 3516 do·

137 3541 297 3612 'doluisti
325 3471 424 3613 illam
445 3531 614 3641 regnato,
643 3567 723 3641 quos
744 3567 866 3640 parere
899 3544 1091 3634 didicerat,

155 3636 247 3709 banc
264 3637 432 3752 obsequi,
480 3642 563 3710 usim
580 3639 753 3752 imperare
773 3640 957 3712 decuisset.
979 3643 1092 3718 Exar-

154 3735 232 3812 sisti
262 3736 376 3812 nobili·
398 3753 453 3808 stu
481 3737 512 3808 'o
532 3735 765 3818 ·viod10andoe.
786 3738 842 3820 ab
857 3736 983 3813 issam
1010 3739 1100 3840 jugo
