2710 4418
293 213 365 290 230
556 228 965 290 nnnrourcu

290 333 424 404 semina
447 355 517 428 non
544 324 670 398 fovisse
694 329 799 398 modo
822 329 1027 428 diligenter,
1047 329 1234 403 sedetiam

289 427 509 529 provexisse,
533 424 584 494 ita
600 426 646 495 sit
665 425 837 496 Annibali
860 427 1103 525 turpissimum
1126 429 1233 528 quidss

293 553 402 639 <ptam
426 551 469 595 ex
491 549 532 595 eo
556 522 614 595 vel
636 539 798 622 torpore,
817 524 873 596 vel
894 525 1107 626 negligentid
1127 526 1235 596 remi·-

291 651 388 694 s1sse.

340 723 420 819 Ipsa
434 773 445 812 ,
480 718 556 816 ipsa
587 735 623 789 te
658 717 1002 820 Carthaginiensium
1040 736 1237 790 nostrorum

177 883 212 911 Η
224 882 245 910 ἢ,
292 817 452 916 exempla
474 815 655 887 stimulent
675 834 713 888 et
734 819 952 890 accenchnt:
975 820 1160 916 Quotquot
1180 815 1238 920 hic

292 916 422 989 milites
454 914 603 1011 aspicis,
639 931 691 984 tot
723 915 854 1014 jurdtos
884 933 972 1015 puta
996 915 1237 986 Romanorum

293 1015 428 1104 hostes,
455 1027 507 1081 tot
523 1010 718 1082 Amilcarcs
736 1016 780 1084 ad
797 1041 916 1084 eorum
936 1014 1076 1104 ruinam
1093 1040 1136 1094 ‚ac
1151 1037 1235 1110 per-

295 1112 421 1185 niciem
430 1108 600 1179 incensos.
612 1109 753 1180 Intuere
763 1163 774 1202 ,
784 1109 853 1202 fili,
867 1111 987 1184 vultu's
998 1109 1235 1209 singulorum,

296 1208 432 1299 oculos,
452 1207 590 1306 orisque
612 1206 775 1290 totius'ac
786 1208 935 1305 corporis
947 1207 1110 1279 habitum
1124 1222 1240 1277 atten-

295 1310 365 1380 tiits
387 1305 588 1393 considera3
604 1303 690 1402 quid
702 1303 764 1376 illa
780 1307 890 1403 spirat
910 1305 1034 1374 nobilis
1052 1301 1236 1394 ferocitas,

296 1404 383 1505 quid
414 1400 473 1471 illc
508 1427 684 1500 generosus
713 1404 841 1474 mentis
876 1403 1029 1500 impetus
1054 1400 1242 1499 loquitur?

297 1501 383 1600 quid
409 1500 587 1570 instructoe
604 1514 640 1567 ct
661 1517 785 1572 ereotae
803 1501 849 1570 ad
866 1489 1068 1570 feriendum
1088 1499 1241 1570 dextere

296 1615 360 1670 aut
375 1597 498 1672 ,volunt
516 1647 527 1686 ,
558 1611 622 1664 aut
637 1595 823 1686 ambiunt,
848 1613 977 1696 praeter
1000 1599 1240 1668 Romanorum

296 1695 428 1766 coedcm
457 1721 495 1764 ac
515 1693 746 1792 sanguinem?
768 1695 863 1768 Hinc
889 1693 981 1766 disce
1004 1693 1147 1792 qualem
1164 1719 1239 1763 esse

296 1809 332 1862 te
350 1803 523 1890 oporteat,
543 1791 606 1890 qui
619 1791 781 1890 regendis
804 1791 934 1866 tatibus
952 1791 1036 1863 viris
1053 1817 1094 1862 ac
1113 1790 1238 1862 mode·

297 1890 416 1961 randis
442 1887 628 1960 destincte.

348 1987 445 2077 Quid
462 1985 570 2086 igitur
588 1985 626 2056 in
639 1991 738 2059 mord
756 2004 833 2079 est,
852 1986 1038 2087 quominus
1059 1987 1140 2056 ente
1157 1985 1243 2055 istas

297 2087 456 2157 Deorum
468 2083 717 2156 immortalium
731 2094 809 2156 ures
819 2085 984 2184 capitales
996 2083 1124 2184 populo
1133 2085 1241 2154 Rom.

298 2179 393 2282 jures
415 2181 635 2273 inimicitias,
656 2208 737 2282 quae
752 2181 889 2254 nullum
901 2183 967 2253 nisi
986 2207 1066 2254 cum
1078 2181 1150 2252 viu
1167 2181 1247 2278 ips&

300 2279 405 2350 linem
422 2279 615 2354 inveniant.
630 2281 708 2350 Hoc
720 2283 741 2350 ὲ
754 2297 788 2350 te
805 2296 972 2380 repetunt
985 2294 1243 2350 sacramentum

300 2378 455 2475 Maiores
479 2377 609 2467 nostri,
635 2377 698 2476 qui
722 2378 971 2476 sempiternam
987 2377 1083 2448 illum
1095 2428 1105 2464 ‚
1130 2401 1243 2474 quum

299 2477 310 2545 i
338 2475 367 2544 si
385 2476 557 2546 consecuti
584 2491 688 2566 sunt,
708 2475 879 2575 nobisque
901 2473 1142 2561 transmisdre,
1161 2472 1242 2542 lau-

301 2499 383 2642 clem
399 2598 438 2641 ac
459 2572 605 2670 gloriam
628 2573 868 2650 Rornanonuu
886 2569 1041 2643 cladibus
1064 2571 1245 2668 acceptam

301 2667 454 2757 debont3
491 2668 582 2740 hanc
609 2673 628 2740 d
656 2686 691 2740 te
717 2667 823 2744 tidem
855 2666 1031 2765 postulant
1053 2681 1106 2736 tot
1133 2693 1243 2777 gene·-

301 2765 369 2844 rosi
391 2765 542 2857 milites,
561 2767 624 2867 qui
641 2767 751 2841 vitam
770 2793 870 2838 susm
886 2791 950 2864 pro
966 2791 1159 2835 communis
1202 2792 1244 2842 ,ua

301 2863 377 2934 triae
415 2863 526 2934 salute
563 2893 603 2935 ao
634 2863 744 2962 glori&
773 2861 909 2934 fortiter
939 2863 1126 2934 devovent.
1207 2889 1249 2933 oe

301 2986 412 3032 unum
431 2961 482 3048 tui
501 2966 584 3062 ergel
601 2987 637 3031 se
655 2961 783 3040 amoris
807 2962 1064 3036 monimentum
1081 2977 1248 3058 precatur

300 3074 402 3158 pater
411 3111 426 3144 ,
448 3059 508 3158 qui
530 3075 564 3129 te
588 3058 749 3136 laborum
772 3085 917 3136 suorum
938 3057 1174 3158 periculorum
1201 3083 1248 3130 ue

301 3155 462 3226 comitem
485 3184 524 3228 oc
549 3155 677 3228 socium
696 3157 790 3228 ultro
810 3157 894 3230 ditm
922 3156 1100 3243 adsciscit,
1117 3155 1156 3224 id
1176 3083 1246 3224 de·-

301 3257 400 3326 mum
437 3281 473 3324 se
507 3269 775 3328 consecuturum
811 3272 963 3360 sperat,
998 3271 1041 3326 ut
1069 3253 1249 3326 Romanos

239 3359 242 3368 “
301 3348 412 3423 odisse
439 3350 513 3450 jam
536 3368 613 3426 trun
636 3379 828 3430 assuescas.
