2736 4414
355 246 533 324 'tran
581 250 848 324 rrarnrs:
1001 253 1078 328 585

44 351 47 364 ι
133 369 274 447 virtutis
298 374 424 448 semita
452 402 521 446 non
543 373 681 466 deviet3
701 375 762 474 qui
786 373 957 446 rationem
974 377 1076 475 sequi

132 470 216 542 vitae
242 472 366 541 ducem
378 524 389 562 ,
409 488 446 543 et
467 499 510 544 ex
535 472 629 543 illius
653 475 776 543 norma
803 472 1074 571 praescriptoque

132 568 254 640 vivere
267 569 324 640 vel
345 569 461 660 norit,
479 569 535 646 vel
554 570 750 661 sustineat3
771 587 807 640 et
822 569 898 640 illos
931 585 1004 638 tam
1023 571 1074 640 ri-

134 665 267 736 dendos
279 694 349 737 non
386 669 501 740 utabis
512 719 524 758 ‚
537 672 644 767 quam
659 668 688 738 si
704 667 886 738 ambulare
905 666 1077 778 quosdam
1145 693 1149 708 ·

130 762 282 834 inversis
297 789 342 863 pe
382 766 449 836 bus
461 782 497 836 et
511 763 647 836 deflexo
664 768 824 838 deorsam
849 777 963 862 capite
982 764 1077 861 aspi-

133 860 257 931 ceres?
288 861 418 934 Nullus
442 863 621 936 coelestem
639 881 816 935 scrutatur
842 861 1075 961 sapientiam,

132 974 199 1028 aut
218 959 362 1032 inventa
378 961 529 1072 gaudjt,
548 978 611 1032 aut
628 966 671 1033 ea
700 989 736 1032 se
761 977 965 1034 contentum
983 957 1079 1032 arbi*

132 1069 264 1127 tratur.
274 1058 381 1128 Stulti
391 1059 557 1128 nimirum
569 1075 605 1131 et
618 1057 913 1159 explodendi'jure
928 1058 1076 1148 merito,

131 1153 199 1320 plui
219 1154 379 1226 caecutire
409 1145 553 1246 malint,
582 1161 690 1256 quam
718 1156 912 1256 fulgentem
940 1154 1076 1253 ubique

149 1259 251 1326 'utem
272 1251 416 1324 intueri.
439 1255 508 1326 Hic
525 1281 607 1354 opes
629 1255 804 1355 congerit,
826 1254 886 1324 ille
911 1249 1078 1350 repascit

132 1342 308 1419 llonorum
329 1345 444 1442 fumo,
464 1351 553 1423 alter
569 1353 791 1464 voluptatum
808 1350 990 1424 illecebras
1007 1375 1081 1422 ve·—

134 1459 269 1537 natur3
286 1475 413 1546 pueros
464 1451 525 1528 utel
543 1449 580 1522 in
599 1443 809 1522 aedificandis
828 1449 960 1522 casulis
974 1474 1077 1522 occu·

134 1559 236 1655 patos
245 1595 262 1632 ,
281 1543 426 1616 ridebis.
438 1477 540 1618 ltixae
551 1547 706 1648 ubique,
722 1547 979 1636 contentiones,
997 1543 1075 1642 jur-

134 1665 194 1738 gia
206 1645 300 1711 mter
312 1643 458 1737 amicos,
479 1641 621 1740 affines,
641 1673 680 1716 ac
692 1646 907 1748 propinquos
927 1657 1079 1742 regnant

133 1761 176 1807 ac
193 1737 419 1814 dominantur
430 1771 443 1838 3
456 1742 610 1816 insanire
622 1771 761 1834 omnes,
780 1739 835 1814 uti
851 1744 975 1814 revera
986 1739 1079 1812 insa·

132 1835 263 1927 niunt,
291 1839 414 1931 crede,
438 1841 550 1915 risum
572 1841 751 1912 excutient
771 1840 957 1930 continuo,
981 1861 1076 1911 nun-

131 1957 244 2032 quam
265 1934 451 2032 lacrymas.
476 1939 643 2038 Denique
662 1937 837 2040 quidquid
852 1935 982 2010 videris
1012 1961 1076 2008 ua-

133 2028 233 2140 piam
249 2031 308 2100 vel
329 2031 499 2122 audieris,
515 2035 546 2102 si
563 2063 622 2124 eo,
642 2065 713 2133 quo
725 2064 791 2132 par
806 2051 877 2126 est,
897 2034 1000 2104 modo
1023 2059 1080 2106 ac·

132 2124 260 2222 c1pias‚
283 2123 401 2200 valere
422 2126 563 2227 jubebis
585 2130 758 2318 laczmas
779 2118 934 2221 tuas‚¹et
957 2155 1080 2202 meum

134 2221 274 2294 n'dendi
285 2250 419 2294 morem
430 2225 629 2298 imitabere.
687 2230 821 2297 naresi
845 2239 965 2322 sapere
984 2225 1080 2295 voles

45 2329 48 2334 “
132 2318 174 2395 in
184 2335 384 2418 posterum,
395 2321 598 2412 Heraclito,
612 2321 792 2392 horridam
804 2319 901 2390 illam
914 2319 1080 2418 rigidam-

53 2481 57 2490 .
133 2443 208 2518 que
232 2417 440 2515 sapientiam
467 2417 598 2490 laetiore
620 2419 682 2490 illa
703 2447 743 2490 ac
769 2412 944 2509 faciliore,
971 2443 1082 2516 quam

134 2511 326 2627 profiteor,
343 2515 596 2594 commutabis:
613 2519 685 2618 qua
706 2545 770 2616 ego
791 2517 830 2587 in
849 2515 1082 2591 consectanda

134 2611 174 2684 ld
189 2638 269 2683 sum
278 2630 401 2690 nactus
418 2614 591 2686 commodi
598 2667 611 2706 ,
626 2631 669 2686 ut
680 2642 827 2686 vacuam
840 2613 936 2683 omui
951 2611 1080 2694 sollici-

113 2709 260 2780 tudine
289 2725 325 2784 et
371 2711 489 2782 lenam
517 2711 623 2782 hilari
646 2711 775 2812 gaudio
804 2710 915 2782 vitam
939 2735 1081 2807 semper

136 2738 656 2888 duxerim.,11lormhuncesse
675 2835 884 2908 germanum
905 2832 998 2877 verat
1020 2833 1079 2876 sa-

136 2901 281 3002 pientire
292 2899 445 2974 finctum
465 2905 660 2996 eristimavi
674 2931 834 3002 semper,
849 2903 912 3003 qui
933 2902 978 2974 ad
993 2929 1080 3000 pro»-
1224 2975 1230 3016 p

137 2999 498 3076 creandamhurnano
510 3001 630 3103 generi
646 2999 851 3077 felicitatem
863 3029 902 3074 ac
918 2997 1094 3099 laetitiam
1141 3061 1147 3074 .

126 3096 332 3202 „plurimum
348 3095 532 3175 conferret.
579 3210 583 3219 Ι

489 3455 732 3490 mm
