2756 4414
311 217 384 312 438
576 245 600 288 a
626 247 651 290 n
678 245 698 290 n
725 246 747 290 r
773 244 796 291 o
822 247 847 291 n
873 246 888 291 1
913 243 934 290 c
958 243 989 292 a

311 345 388 431 (lit,
447 338 518 410 nod
544 331 688 438 Regum
709 340 747 410 in
773 341 996 447 majestatem
1013 356 1257 432 attentasset,

310 366 468 540 quodie
495 435 634 510 'timum
663 437 863 550 Principem
889 437 973 510 solio
1000 436 1256 530 disturbasset,

311 533 408 637 quod
427 461 513 605 eoile
565 533 673 634 ‚pulso
697 551 848 634 turpiter
866 551 903 606 et
930 534 1042 634 ejecto
1061 535 1186 612 nostris
1210 535 1256 608 de

310 630 511 721 moenibus,
537 632 687 710 eandem
704 631 780 732 ipse
821 633 1013 724 otentiam,
1033 632 1104 706 eolo
1117 633 1259 706 nomine

310 733 522 819 immutato,
547 757 616 806 nau
659 748 764 802 asset.
810 729 840 804 ic
861 730 998 804 debitas
1020 731 1163 804 aaevitiae
1184 757 1257 803 enee

310 853 436 932 poenae
455 825 617 906 declinan
665 855 777 900 sesae
804 829 975 928 speravit,
995 828 1058 931 qui
1081 827 1258 916 nobilissi-

309 951 387 1004 mos
402 924 581 1015 Jnrener,
606 921 729 1006 affines
749 953 850 1018 suos,
870 927 1019 1000 civitatis
1039 925 1146 1024 hujus
1164 952 1258 1025 prae-

311 1023 463 1114 sidium,
486 1023 593 1102 totius
609 1023 747 1122 imperii
769 1051 866 1124 apem
882 1021 1168 1098 florentissimam
1239 1051 1257 1096 r

310 1147 496 1196 summum
514 1117 612 1194 nesae
641 1121 850 1221 expulerat:
871 1123 934 1222 qui
953 1121 1166 1194 Collatinum
1180 1048 1260 1192 (iiil-

311 1211 429 1319 legam
445 1243 550 1290 suurn
568 1219 658 1290 dese
676 1220 807 1320 optime
824 1219 989 1296 meritum
1000 1219 1170 1320 dignitate
1181 1245 1259 1316 spo-

219 1379 224 1392 ,
311 1315 486 1406 liaverat3
505 1315 567 1418 qui
585 1315 693 1394 bonos
709 1318 801 1390 cives
819 1328 939 1390 rernm
963 1333 1163 1390 nostrarum
1181 1332 1259 1386 ctu-

313 1414 428 1489 diosos
452 1411 624 1505 fortunis,
651 1413 792 1488 civitate
813 1431 972 1488 exuerat.
996 1416 1053 1488 Sic
1076 1414 1259 1486 laudeme

315 1510 437 1601 robis,
462 1513 584 1584 Patrea
605 1513 822 1613 Conscripti‚
845 1541 916 1586 non
933 1514 1104 1604 dedecus,
1124 1537 1259 1584 merce-

315 1611 508 1700 dem,'non
526 1609 737 1710 supplicium
757 1627 942 1711 expectat,
962 1612 1047 1682 drlm
1063 1627 1180 1682 ventre
1191 1635 1257 1708 pa-

310 1705 397 1780 lam
411 1707 449 1776 in
472 1705 589 1797 bona,
613 1707 651 1778 in
668 1705 848 1799 fortunar,
873 1709 909 1780 in
928 1707 1195 1795 auctoritatem,
1220 1705 1261 1777 in

314 1802 537 1894 libertatem,
553 1805 591 1874 in
607 1806 718 1878 vitam
734 1804 806 1904 ja'm
827 1803 897 1878 'am
909 1804 1095 1880 involabit!
1116 1801 1260 1876 Debui-

237 1967 240 1974 .
316 1925 397 1972 mua
422 1898 521 1998 prins
546 1902 650 1972 ambo
673 1903 797 1974 cadere
855 1903 925 1974 rori
952 1903 1061 2000 ipsine
1084 1901 1261 1990 victimae,

343 1999 426 2074 uam
454 2013 670 2094 patratorum
701 1999 871 2072 scelerum
902 1995 1019 2072 linctu
1046 1996 1263 2098 tranquillus

313 2025 521 2184 decretur,
550 2109 586 2164 et
613 2110 764 2185 caetera,
789 2121 1022 2196 quaecumque
1046 2095 1260 2186 meditatur,

311 2187 450 2356 flagitia
471 2217 551 2262 cum
571 2219 632 2290 epe
656 2191 877 2290 impunitatis
903 2197 1000 2266 certa
1024 2208 1255 2304 pertentaret.

314 2343 319 2352 .
383 2285 458 2361 'itm
481 2315 564 2386 ergo
592 2287 756 2388 deinceps
785 2291 977 2363 vivendum
1007 2308 1053 2362 stt
1081 2317 1151 2362 non
1181 2317 1261 2362 cum

315 2383 490 2475 Consule,
515 2386 577 2456 sed
599 2413 679 2456 cum
704 2403 881 2486 tyranno,
901 2415 972 2460 non
990 2415 1071 2460 cum
1090 2405 1259 2486 parente,

316 2480 479 2554 cedrum
506 2481 688 2576 carnifice,
714 2512 883 2558 nonnum
906 2483 1069 2575 homine,
1093 2485 1154 2558 sed
1179 2513 1261 2559 cum

315 2577 453 2670 bellua,
474 2579 563 2655 nihil
585 2598 661 2672 est,
689 2584 785 2682 quod
812 2584 937 2682 juvare
961 2583 1035 2657 vita
1053 2609 1114 2652 nos
1131 2583 1259 2693 possit»

315 2676 516 2751 Morientur
527 2677 637 2768 ultro,
654 2679 780 2751 Frater
790 2709 802 2772 3
822 2705 958 2779 neque,
977 2694 1056 2779 poet
1070 2695 1263 2752 extrnctam

315 2774 466 2850 civitatis
484 2772 591 2872 hujus
613 2775 760 2875 gloriam
781 2777 900 2850 vivere
920 2777 1016 2850 ultra
1038 2792 1259 2877 appetamus.

318 2872 484 2944 Serviant
510 2873 680 2973 ingenui,
710 2875 771 2975 qui
797 2874 974 2948 voluerint
998 2875 1064 2946 cub
1088 2891 1260 2988 tyrannm

318 2970 440 3042 vivant
457 2970 548 3042 cives
571 2971 640 3042 sub
655 2969 835 3064 camifice3
861 2973 994 3070 spirent
1015 2971 1175 3046 hommes
1197 2972 1261 3044 sub

237 3113 240 3124 ·
317 3067 462 3156 bellum
484 3096 545 3138 nos
558 3122 575 3164 ,
587 3071 738 3161 Frater,
767 3067 855 3141 nihil
877 3069 1056 3183 patiamur
1074 3061 1259 3144 emmodi.

320 3164 515 3238 Sobeunda
531 3167 675 3266 quidem
702 3195 794 3240 mors
815 3166 915 3240 nobis
942 3184 1021 3260 θεῖς
1048 3100 1111 3240 ced
1156 3169 1262 3240 lorio-

321 3263 393 3332 sins
412 3279 465 3334 eet
486 3265 598 3356 mori,
617 3269 725 3364 quim
738 3267 891 3338 serviret
912 3267 1028 3366 perire
1046 3195 1266 3363 semelopta·

321 3359 390 3433 title
406 3377 477 3452 eet,
518 3367 601 3434 urlm
619 3364 657 3434 in
675 3380 843 3463 perpetuo
860 3381 959 3438 metu
969 3365 1077 3438 vitam
1088 3359 1264 3435 infelicem

319 3453 476 3532 trahere.
493 3389 609 3532 ltihil
643 3463 731 3534 mori
761 3461 901 3562 pigeat,
934 3461 1061 3562 quibus
1090 3459 1264 3532 moriendi

321 3582 426 3630 causa
442 3572 516 3630 tarn
531 3557 742 3650 honorifica,
763 3577 838 3632 tam
856 3558 1035 3660 egregium
1054 3551 1190 3630 facinus
1208 3561 1261 3632 vi-

321 3653 428 3726 vendi
446 3649 554 3732 finem
574 3655 692 3726 attulit
707 3656 716 3726 !
1225 3675 1234 3688 ⁸

370 3750 517 3829 Pulsum
541 3781 604 3854 per
617 3781 796 3828 summum
815 3749 913 3828 nefas
932 3754 1130 3856 Principem
1145 3754 1260 3858 legiti-
