<?xml version="1.0" encoding="UTF-8"?>
<!DOCTYPE html PUBLIC "-//W3C//DTD XHTML 1.0 Transitional//EN"
    "http://www.w3.org/TR/xhtml1/DTD/xhtml1-transitional.dtd">
<html xmlns="http://www.w3.org/1999/xhtml" xml:lang="en" lang="en">
 <head>
  <title>
</title>
<meta http-equiv="Content-Type" content="text/html;charset=utf-8" />
  <meta name='ocr-system' content='tesseract 3.04.00' />
  <meta name='ocr-capabilities' content='ocr_page ocr_carea ocr_par ocr_line ocrx_word'/>
</head>
<body>
  <div class='ocr_page' id='page_1' title='image "./bibliothecarhet01jaygoog/bibliothecarhet01jaygoog_0238.png"; bbox 0 0 2710 4418; ppageno 0'>
   <div class='ocr_carea' id='block_1_1' title="bbox 312 203 989 395">
    <p class='ocr_par' dir='ltr' id='par_1_1' title="bbox 312 203 989 395">
     <span class='ocr_line' id='line_1_1' title="bbox 312 203 989 294; baseline -0.006 -15"><span class='ocrx_word' id='word_1_1' title='bbox 312 203 383 294; x_wconf 70' lang='lat'><strong>234</strong></span> <span class='ocrx_word' id='word_1_2' title='bbox 577 225 989 275; x_wconf 58' lang='lat' dir='ltr'><strong>nnnronrcst</strong></span> 
     </span>
     <span class='ocr_line' id='line_1_2' title="bbox 360 326 374 395; baseline 0 0"><span class='ocrx_word' id='word_1_3' title='bbox 360 326 374 395; x_wconf 90' lang='lat' dir='ltr'>l</span> 
     </span>
    </p>
   </div>
   <div class='ocr_carea' id='block_1_2' title="bbox 198 324 1288 3838">
    <p class='ocr_par' dir='ltr' id='par_1_2' title="bbox 198 324 1288 3838">
     <span class='ocr_line' id='line_1_3' title="bbox 312 324 1288 425; baseline 0.002 -26"><span class='ocrx_word' id='word_1_4' title='bbox 312 355 361 400; x_wconf 87' lang='lat' dir='ltr'><strong>vu</strong></span> <span class='ocrx_word' id='word_1_5' title='bbox 407 353 437 396; x_wconf 80' lang='lat' dir='ltr'><strong>rs</strong></span> <span class='ocrx_word' id='word_1_6' title='bbox 464 325 649 396; x_wconf 88' lang='lat' dir='ltr'><strong>hominum</strong></span> <span class='ocrx_word' id='word_1_7' title='bbox 678 324 852 396; x_wconf 81' lang='lat' dir='ltr'><strong>existimet</strong></span> <span class='ocrx_word' id='word_1_8' title='bbox 864 353 875 417; x_wconf 67' lang='grc' dir='ltr'><strong>ς</strong></span> <span class='ocrx_word' id='word_1_9' title='bbox 900 353 963 425; x_wconf 82' lang='lat' dir='ltr'><strong>ego</strong></span> <span class='ocrx_word' id='word_1_10' title='bbox 985 328 1077 397; x_wconf 74' lang='lat' dir='ltr'><strong>certd</strong></span> <span class='ocrx_word' id='word_1_11' title='bbox 1094 327 1288 400; x_wconf 81' lang='lat' dir='ltr'><strong>dicturus·</strong></span> 
     </span>
     <span class='ocr_line' id='line_1_4' title="bbox 312 353 1250 524; baseline 0.002 -30"><span class='ocrx_word' id='word_1_12' title='bbox 312 353 417 494; x_wconf 67' lang='lat' dir='ltr'><strong>hodi</strong></span> <span class='ocrx_word' id='word_1_13' title='bbox 431 423 475 494; x_wconf 87' lang='lat' dir='ltr'><strong>de</strong></span> <span class='ocrx_word' id='word_1_14' title='bbox 487 423 649 494; x_wconf 82' lang='lat' dir='ltr'><strong>caecitotis</strong></span> <span class='ocrx_word' id='word_1_15' title='bbox 666 423 854 494; x_wconf 88' lang='lat' dir='ltr'><strong>commodis</strong></span> <span class='ocrx_word' id='word_1_16' title='bbox 867 439 975 524; x_wconf 85' lang='lat' dir='ltr'><strong>atque</strong></span> <span class='ocrx_word' id='word_1_17' title='bbox 991 423 1163 515; x_wconf 80' lang='lat' dir='ltr'><strong>utilitate,</strong></span> <span class='ocrx_word' id='word_1_18' title='bbox 1178 424 1250 496; x_wconf 87' lang='lat' dir='ltr'><strong>dif-</strong></span> 
     </span>
     <span class='ocr_line' id='line_1_5' title="bbox 313 519 1249 619; baseline 0 -27"><span class='ocrx_word' id='word_1_19' title='bbox 313 519 458 592; x_wconf 82' lang='lat' dir='ltr'><strong>ficillimi</strong></span> <span class='ocrx_word' id='word_1_20' title='bbox 512 521 627 592; x_wconf 80' lang='lat' dir='ltr'><strong>lenam</strong></span> <span class='ocrx_word' id='word_1_21' title='bbox 656 521 767 618; x_wconf 87' lang='lat' dir='ltr'><strong>operis</strong></span> <span class='ocrx_word' id='word_1_22' title='bbox 788 521 1042 619; x_wconf 84' lang='lat' dir='ltr'><strong>provincisma</strong></span> <span class='ocrx_word' id='word_1_23' title='bbox 1105 522 1249 616; x_wconf 84' lang='lat' dir='ltr'><strong>ederer,</strong></span> 
     </span>
     <span class='ocr_line' id='line_1_6' title="bbox 312 548 1253 718; baseline 0.002 -30"><span class='ocrx_word' id='word_1_24' title='bbox 312 617 344 688; x_wconf 81' lang='lat' dir='ltr'><strong>&#39;si</strong></span> <span class='ocrx_word' id='word_1_25' title='bbox 360 619 454 716; x_wconf 82' lang='lat' dir='ltr'><strong>apud</strong></span> <span class='ocrx_word' id='word_1_26' title='bbox 471 548 578 690; x_wconf 75' lang='lat' dir='ltr'><strong>aiium</strong></span> <span class='ocrx_word' id='word_1_27' title='bbox 588 617 806 718; x_wconf 73' lang='lat' dir='ltr'><strong>quemlibet,</strong></span> <span class='ocrx_word' id='word_1_28' title='bbox 847 621 930 690; x_wconf 76' lang='lat' dir='ltr'><strong>udm</strong></span> <span class='ocrx_word' id='word_1_29' title='bbox 947 619 1041 718; x_wconf 86' lang='lat' dir='ltr'><strong>apud</strong></span> <span class='ocrx_word' id='word_1_30' title='bbox 1094 622 1253 690; x_wconf 77' lang='lat' dir='ltr'><strong>omerun&#39;s</strong></span> 
     </span>
     <span class='ocr_line' id='line_1_7' title="bbox 314 647 1251 816; baseline 0.002 -30"><span class='ocrx_word' id='word_1_31' title='bbox 314 716 696 812; x_wconf 80' lang='lat' dir='ltr'><strong>Orationemejusmodi</strong></span> <span class='ocrx_word' id='word_1_32' title='bbox 707 647 908 787; x_wconf 70' lang='lat' dir='ltr'><strong>habendam</strong></span> <span class='ocrx_word' id='word_1_33' title='bbox 919 743 994 788; x_wconf 88' lang='lat' dir='ltr'><strong>esse</strong></span> <span class='ocrx_word' id='word_1_34' title='bbox 1003 715 1251 816; x_wconf 83' lang='lat' dir='ltr'><strong>intelligerem.</strong></span> 
     </span>
     <span class='ocr_line' id='line_1_8' title="bbox 314 812 1256 888; baseline 0.002 -6"><span class='ocrx_word' id='word_1_35' title='bbox 314 812 448 883; x_wconf 77' lang='lat' dir='ltr'><strong>Verdm</strong></span> <span class='ocrx_word' id='word_1_36' title='bbox 462 812 708 888; x_wconf 83' lang='lat' dir='ltr'><strong>confirmatme</strong></span> <span class='ocrx_word' id='word_1_37' title='bbox 718 815 849 886; x_wconf 89' lang='lat' dir='ltr'><strong>mirum</strong></span> <span class='ocrx_word' id='word_1_38' title='bbox 861 816 901 886; x_wconf 90' lang='lat' dir='ltr'><strong>in</strong></span> <span class='ocrx_word' id='word_1_39' title='bbox 912 813 1056 885; x_wconf 90' lang='lat' dir='ltr'><strong>modum</strong></span> <span class='ocrx_word' id='word_1_40' title='bbox 1066 841 1106 884; x_wconf 82' lang='lat' dir='ltr'><strong>ac</strong></span> <span class='ocrx_word' id='word_1_41' title='bbox 1119 827 1256 885; x_wconf 80' lang='lat' dir='ltr'><strong>recreat</strong></span> 
     </span>
     <span class='ocr_line' id='line_1_9' title="bbox 314 910 1253 1012; baseline -0.001 -31"><span class='ocrx_word' id='word_1_42' title='bbox 314 910 498 1010; x_wconf 79' lang='lat' dir='ltr'><strong>singularis</strong></span> <span class='ocrx_word' id='word_1_43' title='bbox 518 911 795 1011; x_wconf 84' lang='lat' dir='ltr'><strong>praestantissimi</strong></span> <span class='ocrx_word' id='word_1_44' title='bbox 812 911 880 982; x_wconf 83' lang='lat' dir='ltr'><strong>riri</strong></span> <span class='ocrx_word' id='word_1_45' title='bbox 894 910 1049 1012; x_wconf 71' lang='lat' dir='ltr'><strong>probitas</strong></span> <span class='ocrx_word' id='word_1_46' title='bbox 1067 929 1177 1011; x_wconf 85' lang='lat' dir='ltr'><strong>atque</strong></span> <span class='ocrx_word' id='word_1_47' title='bbox 1195 911 1253 980; x_wconf 89' lang='lat' dir='ltr'><strong>in-</strong></span> 
     </span>
     <span class='ocr_line' id='line_1_10' title="bbox 309 1007 1256 1109; baseline -0.002 -29"><span class='ocrx_word' id='word_1_48' title='bbox 309 1007 485 1080; x_wconf 87' lang='lat' dir='ltr'><strong>credibilis</strong></span> <span class='ocrx_word' id='word_1_49' title='bbox 504 1009 696 1107; x_wconf 79' lang='lat' dir='ltr'><strong>sapientia3</strong></span> <span class='ocrx_word' id='word_1_50' title='bbox 714 1035 830 1109; x_wconf 84' lang='lat' dir='ltr'><strong>neque</strong></span> <span class='ocrx_word' id='word_1_51' title='bbox 843 1035 966 1082; x_wconf 79' lang='lat' dir='ltr'><strong>vereor</strong></span> <span class='ocrx_word' id='word_1_52' title='bbox 983 1033 1161 1079; x_wconf 71' lang='lat' dir='ltr'><strong>coramseo</strong></span> <span class='ocrx_word' id='word_1_53' title='bbox 1172 1007 1256 1078; x_wconf 84' lang='lat' dir='ltr'>lau-</span> 
     </span>
     <span class='ocr_line' id='line_1_11' title="bbox 314 1105 1255 1206; baseline 0 -30"><span class='ocrx_word' id='word_1_54' title='bbox 314 1105 397 1176; x_wconf 82' lang='lat' dir='ltr'><strong>dare</strong></span> <span class='ocrx_word' id='word_1_55' title='bbox 413 1106 633 1195; x_wconf 78' lang='lat' dir='ltr'><strong>caecitatem,</strong></span> <span class='ocrx_word' id='word_1_56' title='bbox 654 1107 717 1206; x_wconf 87' lang='lat' dir='ltr'><strong>qui</strong></span> <span class='ocrx_word' id='word_1_57' title='bbox 739 1108 912 1206; x_wconf 76' lang='lat' dir='ltr'><strong>jacturam</strong></span> <span class='ocrx_word' id='word_1_58' title='bbox 936 1105 1115 1178; x_wconf 84' lang='lat' dir='ltr'><strong>oculorum</strong></span> <span class='ocrx_word' id='word_1_59' title='bbox 1137 1106 1255 1177; x_wconf 81' lang='lat' dir='ltr'><strong>levem</strong></span> 
     </span>
     <span class='ocr_line' id='line_1_12' title="bbox 313 1202 1256 1302; baseline 0.003 -31"><span class='ocrx_word' id='word_1_60' title='bbox 313 1202 525 1294; x_wconf 83' lang='lat' dir='ltr'><strong>arbitratur,</strong></span> <span class='ocrx_word' id='word_1_61' title='bbox 542 1223 604 1276; x_wconf 85' lang='lat' dir='ltr'><strong>aut</strong></span> <span class='ocrx_word' id='word_1_62' title='bbox 613 1208 706 1276; x_wconf 71' lang='lat' dir='ltr'><strong>certd</strong></span> <span class='ocrx_word' id='word_1_63' title='bbox 720 1205 972 1290; x_wconf 82' lang='lat' dir='ltr'><strong>detrimentum</strong></span> <span class='ocrx_word' id='word_1_64' title='bbox 979 1202 1151 1302; x_wconf 84' lang='lat' dir='ltr'><strong>ejusmodi</strong></span> <span class='ocrx_word' id='word_1_65' title='bbox 1159 1203 1256 1274; x_wconf 79' lang='lat' dir='ltr'><strong>inter</strong></span> 
     </span>
     <span class='ocr_line' id='line_1_13' title="bbox 313 1299 1220 1411; baseline -0.003 -39"><span class='ocrx_word' id='word_1_66' title='bbox 313 1299 407 1372; x_wconf 80' lang='lat' dir='ltr'><strong>mala</strong></span> <span class='ocrx_word' id='word_1_67' title='bbox 433 1303 639 1400; x_wconf 82' lang='lat' dir='ltr'><strong>gravissima</strong></span> <span class='ocrx_word' id='word_1_68' title='bbox 660 1331 731 1374; x_wconf 88' lang='lat' dir='ltr'><strong>non</strong></span> <span class='ocrx_word' id='word_1_69' title='bbox 748 1318 941 1402; x_wconf 81' lang='lat' dir='ltr'><strong>putatesse</strong></span> <span class='ocrx_word' id='word_1_70' title='bbox 964 1301 1220 1411; x_wconf 86' lang='lat' dir='ltr'><strong>reponendum.</strong></span> 
     </span>
     <span class='ocr_line' id='line_1_14' title="bbox 313 1398 1255 1498; baseline 0.002 -32"><span class='ocrx_word' id='word_1_71' title='bbox 313 1399 319 1438; x_wconf 73' lang='lat'>³</span> <span class='ocrx_word' id='word_1_72' title='bbox 364 1398 485 1468; x_wconf 82' lang='lat' dir='ltr'>Liceat</span> <span class='ocrx_word' id='word_1_73' title='bbox 516 1401 723 1492; x_wconf 76' lang='lat' dir='ltr'><strong>enimverd‚</strong></span> <span class='ocrx_word' id='word_1_74' title='bbox 752 1400 807 1471; x_wconf 77' lang='lat' dir='ltr'><strong>vir</strong></span> <span class='ocrx_word' id='word_1_75' title='bbox 828 1398 1137 1498; x_wconf 64' lang='lat' dir='ltr'><strong>praestantissime,</strong></span> <span class='ocrx_word' id='word_1_76' title='bbox 1162 1421 1255 1495; x_wconf 82' lang='lat' dir='ltr'><strong>prae·</strong></span> 
     </span>
     <span class='ocr_line' id='line_1_15' title="bbox 313 1491 1254 1598; baseline -0.001 -34"><span class='ocrx_word' id='word_1_77' title='bbox 313 1494 432 1564; x_wconf 82' lang='lat' dir='ltr'><strong>dicere</strong></span> <span class='ocrx_word' id='word_1_78' title='bbox 450 1496 493 1566; x_wconf 88' lang='lat' dir='ltr'><strong>de</strong></span> <span class='ocrx_word' id='word_1_79' title='bbox 516 1491 552 1568; x_wconf 84' lang='lat' dir='ltr'><strong>te</strong></span> <span class='ocrx_word' id='word_1_80' title='bbox 577 1495 718 1596; x_wconf 69' lang='lat' dir='ltr'><strong>poldon,</strong></span> <span class='ocrx_word' id='word_1_81' title='bbox 737 1498 832 1598; x_wconf 90' lang='lat' dir='ltr'><strong>quod</strong></span> <span class='ocrx_word' id='word_1_82' title='bbox 856 1495 987 1584; x_wconf 80' lang='lat' dir='ltr'><strong>sentio3</strong></span> <span class='ocrx_word' id='word_1_83' title='bbox 1009 1493 1112 1565; x_wconf 81' lang='lat' dir='ltr'><strong>liceat</strong></span> <span class='ocrx_word' id='word_1_84' title='bbox 1133 1494 1254 1564; x_wconf 89' lang='lat' dir='ltr'><strong>eondi-</strong></span> 
     </span>
     <span class='ocr_line' id='line_1_16' title="bbox 289 1591 1259 1694; baseline 0.004 -34"><span class='ocrx_word' id='word_1_85' title='bbox 289 1591 445 1684; x_wconf 79' lang='lat' dir='ltr'><strong>¹tionem</strong></span> <span class='ocrx_word' id='word_1_86' title='bbox 480 1593 577 1664; x_wconf 80' lang='lat' dir='ltr'><strong>illam</strong></span> <span class='ocrx_word' id='word_1_87' title='bbox 607 1611 729 1686; x_wconf 82' lang='lat' dir='ltr'><strong>tuam,</strong></span> <span class='ocrx_word' id='word_1_88' title='bbox 766 1617 874 1694; x_wconf 84' lang='lat' dir='ltr'>quam</span> <span class='ocrx_word' id='word_1_89' title='bbox 905 1591 1060 1690; x_wconf 88' lang='lat' dir='ltr'><strong>imperiti</strong></span> <span class='ocrx_word' id='word_1_90' title='bbox 1096 1591 1259 1664; x_wconf 80' lang='lat' dir='ltr'><strong>homines</strong></span> 
     </span>
     <span class='ocr_line' id='line_1_17' title="bbox 198 1687 1256 1788; baseline 0 -28"><span class='ocrx_word' id='word_1_91' title='bbox 198 1725 201 1737; x_wconf 83' lang='lat'><strong>·</strong></span> <span class='ocrx_word' id='word_1_92' title='bbox 314 1690 480 1760; x_wconf 82' lang='lat' dir='ltr'><strong>miseram</strong></span> <span class='ocrx_word' id='word_1_93' title='bbox 491 1689 1052 1782; x_wconf 82' lang='lat' dir='ltr'><strong>arbitrantur,fortunatissimam</strong></span> <span class='ocrx_word' id='word_1_94' title='bbox 1062 1716 1107 1788; x_wconf 83' lang='lat' dir='ltr'><strong>ap</strong></span> <span class='ocrx_word' id='word_1_95' title='bbox 1152 1687 1256 1762; x_wconf 81' lang='lat' dir='ltr'><strong>llare.</strong></span> 
     </span>
     <span class='ocr_line' id='line_1_18' title="bbox 315 1781 1260 1890; baseline 0.01 -36"><span class='ocrx_word' id='word_1_96' title='bbox 315 1785 451 1857; x_wconf 85' lang='lat' dir='ltr'><strong>Scilicet</strong></span> <span class='ocrx_word' id='word_1_97' title='bbox 462 1807 583 1860; x_wconf 82' lang='lat' dir='ltr'><strong>nactus</strong></span> <span class='ocrx_word' id='word_1_98' title='bbox 595 1789 774 1890; x_wconf 82' lang='lat' dir='ltr'><strong>ingenium</strong></span> <span class='ocrx_word' id='word_1_99' title='bbox 782 1781 901 1890; x_wconf 67' lang='lat' dir='ltr'><strong>,iluod</strong></span> <span class='ocrx_word' id='word_1_100' title='bbox 912 1787 957 1859; x_wconf 79' lang='lat' dir='ltr'><strong>ad</strong></span> <span class='ocrx_word' id='word_1_101' title='bbox 970 1787 1083 1886; x_wconf 88' lang='lat' dir='ltr'><strong>ipsam</strong></span> <span class='ocrx_word' id='word_1_102' title='bbox 1132 1813 1260 1863; x_wconf 81' lang='lat' dir='ltr'><strong>eorum</strong></span> 
     </span>
     <span class='ocr_line' id='line_1_19' title="bbox 311 1882 1258 1988; baseline 0.002 -36"><span class='ocrx_word' id='word_1_103' title='bbox 311 1882 565 1956; x_wconf 72' lang='lat' dir='ltr'>immortalium</span> <span class='ocrx_word' id='word_1_104' title='bbox 600 1903 728 1958; x_wconf 80' lang='lat' dir='ltr'><strong>sortem</strong></span> <span class='ocrx_word' id='word_1_105' title='bbox 751 1905 859 1988; x_wconf 79' lang='lat' dir='ltr'><strong>atque</strong></span> <span class='ocrx_word' id='word_1_106' title='bbox 887 1902 1052 1957; x_wconf 81' lang='lat' dir='ltr'><strong>naturam</strong></span> <span class='ocrx_word' id='word_1_107' title='bbox 1083 1885 1258 1975; x_wconf 76' lang='lat' dir='ltr'><strong>accedet,</strong></span> 
     </span>
     <span class='ocr_line' id='line_1_20' title="bbox 313 1980 1259 2087; baseline 0.005 -38"><span class='ocrx_word' id='word_1_108' title='bbox 313 1980 546 2054; x_wconf 84' lang='lat' dir='ltr'><strong>eruditionem</strong></span> <span class='ocrx_word' id='word_1_109' title='bbox 564 1985 710 2087; x_wconf 84' lang='lat' dir='ltr'><strong>adeptus</strong></span> <span class='ocrx_word' id='word_1_110' title='bbox 732 1984 922 2082; x_wconf 89' lang='lat' dir='ltr'><strong>ejusmodi,</strong></span> <span class='ocrx_word' id='word_1_111' title='bbox 943 2009 1051 2086; x_wconf 80' lang='lat' dir='ltr'><strong>quam</strong></span> <span class='ocrx_word' id='word_1_112' title='bbox 1066 2009 1172 2052; x_wconf 85' lang='lat' dir='ltr'><strong>nemo</strong></span> <span class='ocrx_word' id='word_1_113' title='bbox 1188 1980 1259 2054; x_wconf 86' lang='lat' dir='ltr'><strong>h&#39;o·</strong></span> 
     </span>
     <span class='ocr_line' id='line_1_21' title="bbox 311 2076 1260 2182; baseline 0.006 -37"><span class='ocrx_word' id='word_1_114' title='bbox 311 2076 448 2172; x_wconf 69' lang='lat' dir='ltr'><strong>minum</strong></span> <span class='ocrx_word' id='word_1_115' title='bbox 470 2097 532 2151; x_wconf 86' lang='lat' dir='ltr'><strong>aut</strong></span> <span class='ocrx_word' id='word_1_116' title='bbox 548 2098 726 2154; x_wconf 80' lang='lat' dir='ltr'><strong>assecutus</strong></span> <span class='ocrx_word' id='word_1_117' title='bbox 741 2107 901 2182; x_wconf 84' lang='lat' dir='ltr'><strong>unquam</strong></span> <span class='ocrx_word' id='word_1_118' title='bbox 918 2085 971 2150; x_wconf 81' lang='lat' dir='ltr'><strong>est¹</strong></span> <span class='ocrx_word' id='word_1_119' title='bbox 980 2132 993 2172; x_wconf 85' lang='lat'><em>‚</em></span> <span class='ocrx_word' id='word_1_120' title='bbox 1012 2095 1075 2163; x_wconf 84' lang='lat' dir='ltr'><strong>aut</strong></span> <span class='ocrx_word' id='word_1_121' title='bbox 1092 2077 1260 2180; x_wconf 80' lang='lat' dir='ltr'><strong>deinceps</strong></span> 
     </span>
     <span class='ocr_line' id='line_1_22' title="bbox 314 2175 1258 2277; baseline 0.005 -34"><span class='ocrx_word' id='word_1_122' title='bbox 314 2177 452 2274; x_wconf 77' lang='lat' dir='ltr'>assequi</span> <span class='ocrx_word' id='word_1_123' title='bbox 477 2206 576 2277; x_wconf 88' lang='lat' dir='ltr'><strong>posse</strong></span> <span class='ocrx_word' id='word_1_124' title='bbox 604 2181 788 2270; x_wconf 82' lang='lat' dir='ltr'><strong>videatur3</strong></span> <span class='ocrx_word' id='word_1_125' title='bbox 808 2175 1009 2276; x_wconf 83' lang='lat' dir='ltr'><strong>complexus</strong></span> <span class='ocrx_word' id='word_1_126' title='bbox 1034 2175 1151 2246; x_wconf 86' lang='lat' dir='ltr'><strong>animo</strong></span> <span class='ocrx_word' id='word_1_127' title='bbox 1174 2181 1258 2276; x_wconf 89' lang='lat' dir='ltr'><strong>per&#39;-</strong></span> 
     </span>
     <span class='ocr_line' id='line_1_23' title="bbox 312 2259 1258 2373; baseline 0.003 -30"><span class='ocrx_word' id='word_1_128' title='bbox 312 2259 439 2346; x_wconf 70' lang='lat' dir='ltr'><strong>iectarn</strong></span> <span class='ocrx_word' id='word_1_129' title='bbox 462 2303 581 2352; x_wconf 79' lang='lat' dir='ltr'><strong>rerum</strong></span> <span class='ocrx_word' id='word_1_130' title='bbox 599 2277 757 2354; x_wconf 83' lang='lat' dir='ltr'><strong>omnium</strong></span> <span class='ocrx_word' id='word_1_131' title='bbox 776 2275 1049 2373; x_wconf 71' lang='lat' dir='ltr'><strong>distinctsmque</strong></span> <span class='ocrx_word' id='word_1_132' title='bbox 1070 2271 1235 2346; x_wconf 75' lang='lat' dir='ltr'><strong>notitiam</strong></span> <span class='ocrx_word' id='word_1_133' title='bbox 1245 2327 1258 2366; x_wconf 90' lang='lat'>,</span> 
     </span>
     <span class='ocr_line' id='line_1_24' title="bbox 313 2367 1259 2472; baseline 0 -32"><span class='ocrx_word' id='word_1_134' title='bbox 313 2387 399 2441; x_wconf 88' lang='lat' dir='ltr'><strong>tune</strong></span> <span class='ocrx_word' id='word_1_135' title='bbox 432 2373 704 2444; x_wconf 86' lang='lat' dir='ltr'><strong>desiderandum</strong></span> <span class='ocrx_word' id='word_1_136' title='bbox 734 2372 893 2472; x_wconf 76' lang='lat' dir='ltr'><strong>cupidids</strong></span> <span class='ocrx_word' id='word_1_137' title='bbox 925 2371 1016 2443; x_wconf 85' lang='lat' dir='ltr'><strong>illud</strong></span> <span class='ocrx_word' id='word_1_138' title='bbox 1044 2367 1259 2462; x_wconf 72' lang='lat' dir='ltr'><strong>arbitraris,</strong></span> 
     </span>
     <span class='ocr_line' id='line_1_25' title="bbox 314 2464 1261 2566; baseline 0.001 -29"><span class='ocrx_word' id='word_1_139' title='bbox 314 2469 410 2565; x_wconf 84' lang='lat' dir='ltr'><strong>quod</strong></span> <span class='ocrx_word' id='word_1_140' title='bbox 429 2469 494 2539; x_wconf 86' lang='lat' dir='ltr'><strong>tibi</strong></span> <span class='ocrx_word' id='word_1_141' title='bbox 508 2465 588 2541; x_wconf 77' lang='lat' dir='ltr'><strong>cuin</strong></span> <span class='ocrx_word' id='word_1_142' title='bbox 601 2471 734 2543; x_wconf 81' lang='lat' dir='ltr'><strong>caeteris</strong></span> <span class='ocrx_word' id='word_1_143' title='bbox 751 2465 971 2559; x_wconf 72' lang='lat' dir='ltr'><strong>mortalium&#39;,</strong></span> <span class='ocrx_word' id='word_1_144' title='bbox 991 2464 1107 2566; x_wconf 79' lang='lat' dir='ltr'><strong>probis</strong></span> <span class='ocrx_word' id='word_1_145' title='bbox 1148 2469 1261 2553; x_wconf 76' lang='lat' dir='ltr'><strong>ariter</strong></span> 
     </span>
     <span class='ocr_line' id='line_1_26' title="bbox 314 2494 1260 2668; baseline 0.004 -36"><span class='ocrx_word' id='word_1_146' title='bbox 314 2581 433 2662; x_wconf 80' lang='lat' dir='ltr'><strong>atque·</strong></span> <span class='ocrx_word' id='word_1_147' title='bbox 450 2565 620 2668; x_wconf 83' lang='lat' dir='ltr'><strong>improbis</strong></span> <span class='ocrx_word' id='word_1_148' title='bbox 650 2595 834 2640; x_wconf 87' lang='lat' dir='ltr'><strong>commune</strong></span> <span class='ocrx_word' id='word_1_149' title='bbox 867 2566 934 2656; x_wconf 82' lang='lat' dir='ltr'><strong>sit3</strong></span> <span class='ocrx_word' id='word_1_150' title='bbox 963 2565 1058 2668; x_wconf 88' lang='lat' dir='ltr'><strong>quod</strong></span> <span class='ocrx_word' id='word_1_151' title='bbox 1085 2494 1260 2638; x_wconf 83' lang='lat' dir='ltr'><strong>viiissima</strong></span> 
     </span>
     <span class='ocr_line' id='line_1_27' title="bbox 313 2661 1259 2765; baseline 0.006 -36"><span class='ocrx_word' id='word_1_152' title='bbox 313 2661 1104 2765; x_wconf 80' lang='lat' dir='ltr'><strong>ctiamanimaliahabereseglorientur3quod</strong></span> <span class='ocrx_word' id='word_1_153' title='bbox 1115 2661 1259 2762; x_wconf 75' lang='lat' dir='ltr'><strong>nulium</strong></span> 
     </span>
     <span class='ocr_line' id='line_1_28' title="bbox 314 2757 1259 2858; baseline 0.012 -33"><span class='ocrx_word' id='word_1_154' title='bbox 314 2757 475 2857; x_wconf 78' lang='lat' dir='ltr'><strong>deinceps</strong></span> <span class='ocrx_word' id='word_1_155' title='bbox 507 2759 572 2832; x_wconf 90' lang='lat' dir='ltr'><strong>tibi</strong></span> <span class='ocrx_word' id='word_1_156' title='bbox 602 2764 848 2854; x_wconf 84' lang='lat' dir='ltr'><strong>commodum,</strong></span> <span class='ocrx_word' id='word_1_157' title='bbox 877 2759 1013 2832; x_wconf 80' lang='lat' dir='ltr'><strong>nullam</strong></span> <span class='ocrx_word' id='word_1_158' title='bbox 1040 2759 1259 2858; x_wconf 82' lang='lat' dir='ltr'><strong>voluptatem</strong></span> 
     </span>
     <span class='ocr_line' id='line_1_29' title="bbox 313 2857 901 2932; baseline 0.009 -9"><span class='ocrx_word' id='word_1_159' title='bbox 313 2872 350 2924; x_wconf 82' lang='lat' dir='ltr'><strong>at</strong></span> <span class='ocrx_word' id='word_1_160' title='bbox 377 2883 420 2925; x_wconf 90' lang='lat' dir='ltr'><strong>ue</strong></span> <span class='ocrx_word' id='word_1_161' title='bbox 438 2859 706 2932; x_wconf 78' lang='lat' dir='ltr'><strong>delectationem</strong></span> <span class='ocrx_word' id='word_1_162' title='bbox 731 2857 901 2932; x_wconf 65' lang='lat' dir='ltr'><strong>offerret?</strong></span> 
     </span>
     <span class='ocr_line' id='line_1_30' title="bbox 312 2883 1260 3064; baseline 0.005 -41"><span class='ocrx_word' id='word_1_163' title='bbox 312 2883 466 3024; x_wconf 34' lang='lat' dir='ltr'><strong>acidiam*</strong></span> <span class='ocrx_word' id='word_1_164' title='bbox 486 2957 575 3064; x_wconf 69' lang='lat' dir='ltr'><strong>&#39;qnid</strong></span> <span class='ocrx_word' id='word_1_165' title='bbox 597 2959 758 3058; x_wconf 82' lang='lat' dir='ltr'><strong>deinceps</strong></span> <span class='ocrx_word' id='word_1_166' title='bbox 780 2961 978 3048; x_wconf 78' lang='lat' dir='ltr'><strong>Homerum</strong></span> <span class='ocrx_word' id='word_1_167' title='bbox 997 2956 1122 3056; x_wconf 81' lang='lat' dir='ltr'><strong>juvent</strong></span> <span class='ocrx_word' id='word_1_168' title='bbox 1138 2957 1230 3028; x_wconf 86' lang='lat' dir='ltr'><strong>oculi</strong></span> <span class='ocrx_word' id='word_1_169' title='bbox 1246 2979 1260 3050; x_wconf 72' lang='lat'><strong>‘7</strong></span> 
     </span>
     <span class='ocr_line' id='line_1_31' title="bbox 312 3053 1263 3158; baseline 0.002 -37"><span class='ocrx_word' id='word_1_170' title='bbox 312 3069 377 3158; x_wconf 66' lang='lat' dir='ltr'><strong>put</strong></span> <span class='ocrx_word' id='word_1_171' title='bbox 394 3053 480 3152; x_wconf 87' lang='lat' dir='ltr'><strong>quid</strong></span> <span class='ocrx_word' id='word_1_172' title='bbox 502 3053 656 3128; x_wconf 87' lang='lat' dir='ltr'><strong>conferre</strong></span> <span class='ocrx_word' id='word_1_173' title='bbox 684 3058 827 3128; x_wconf 78' lang='lat' dir='ltr'><strong>demsm</strong></span> <span class='ocrx_word' id='word_1_174' title='bbox 849 3056 905 3128; x_wconf 88' lang='lat' dir='ltr'><strong>vel</strong></span> <span class='ocrx_word' id='word_1_175' title='bbox 927 3054 972 3124; x_wconf 83' lang='lat' dir='ltr'><strong>ad</strong></span> <span class='ocrx_word' id='word_1_176' title='bbox 989 3054 1179 3126; x_wconf 85' lang='lat' dir='ltr'><strong>utilitatem</strong></span> <span class='ocrx_word' id='word_1_177' title='bbox 1202 3054 1263 3126; x_wconf 74' lang='lat' dir='ltr'><strong>rei</strong></span> 
     </span>
     <span class='ocr_line' id='line_1_32' title="bbox 311 3147 1259 3252; baseline -0.001 -31"><span class='ocrx_word' id='word_1_178' title='bbox 311 3147 422 3248; x_wconf 69' lang='lat' dir='ltr'><strong>etiam</strong></span> <span class='ocrx_word' id='word_1_179' title='bbox 435 3151 481 3221; x_wconf 86' lang='lat' dir='ltr'><strong>ad</strong></span> <span class='ocrx_word' id='word_1_180' title='bbox 493 3153 709 3252; x_wconf 80' lang='lat' dir='ltr'><strong>voluptatem</strong></span> <span class='ocrx_word' id='word_1_181' title='bbox 722 3179 819 3250; x_wconf 88' lang='lat' dir='ltr'><strong>posse</strong></span> <span class='ocrx_word' id='word_1_182' title='bbox 832 3149 1040 3247; x_wconf 70' lang='lat' dir='ltr'><strong>rideanturi</strong></span> <span class='ocrx_word' id='word_1_183' title='bbox 1049 3155 1127 3252; x_wconf 83' lang='lat' dir='ltr'><strong>Age</strong></span> <span class='ocrx_word' id='word_1_184' title='bbox 1142 3151 1259 3242; x_wconf 81' lang='lat' dir='ltr'><strong>enim,</strong></span> 
     </span>
     <span class='ocr_line' id='line_1_33' title="bbox 314 3241 1256 3349; baseline 0.004 -35"><span class='ocrx_word' id='word_1_185' title='bbox 314 3245 401 3344; x_wconf 84' lang='lat' dir='ltr'><strong>quid</strong></span> <span class='ocrx_word' id='word_1_186' title='bbox 421 3241 649 3344; x_wconf 65' lang='lat' dir='ltr'><strong>objicientilli</strong></span> <span class='ocrx_word' id='word_1_187' title='bbox 667 3249 897 3349; x_wconf 80' lang='lat' dir='ltr'><strong>spectandum</strong></span> <span class='ocrx_word' id='word_1_188' title='bbox 914 3247 952 3320; x_wconf 88' lang='lat' dir='ltr'><strong>in</strong></span> <span class='ocrx_word' id='word_1_189' title='bbox 968 3249 1256 3338; x_wconf 79' lang='lat' dir='ltr'><strong>rerumnaturd,</strong></span> 
     </span>
     <span class='ocr_line' id='line_1_34' title="bbox 341 3345 1262 3447; baseline 0.001 -34"><span class='ocrx_word' id='word_1_190' title='bbox 341 3345 411 3414; x_wconf 94' lang='lat' dir='ltr'><strong>uod</strong></span> <span class='ocrx_word' id='word_1_191' title='bbox 423 3373 492 3431; x_wconf 81' lang='lat' dir='ltr'><strong>pon</strong></span> <span class='ocrx_word' id='word_1_192' title='bbox 507 3348 660 3434; x_wconf 63' lang='lat' dir='ltr'><strong>videris}</strong></span> <span class='ocrx_word' id='word_1_193' title='bbox 679 3349 773 3447; x_wconf 88' lang='lat' dir='ltr'><strong>quod</strong></span> <span class='ocrx_word' id='word_1_194' title='bbox 792 3347 965 3447; x_wconf 77' lang='lat' dir='ltr'><strong>penitids,</strong></span> <span class='ocrx_word' id='word_1_195' title='bbox 993 3349 1100 3444; x_wconf 68' lang='lat' dir='ltr'><strong>quim</strong></span> <span class='ocrx_word' id='word_1_196' title='bbox 1117 3359 1262 3414; x_wconf 86' lang='lat' dir='ltr'><strong>conten·</strong></span> 
     </span>
     <span class='ocr_line' id='line_1_35' title="bbox 315 3369 1259 3543; baseline 0.001 -32"><span class='ocrx_word' id='word_1_197' title='bbox 315 3369 399 3512; x_wconf 70' lang='lat' dir='ltr'><strong>idere</strong></span> <span class='ocrx_word' id='word_1_198' title='bbox 429 3447 537 3543; x_wconf 80' lang='lat' dir='ltr'><strong>possit</strong></span> <span class='ocrx_word' id='word_1_199' title='bbox 571 3446 749 3516; x_wconf 87' lang='lat' dir='ltr'><strong>oculorum</strong></span> <span class='ocrx_word' id='word_1_200' title='bbox 775 3447 891 3533; x_wconf 83' lang='lat' dir='ltr'><strong>acies,</strong></span> <span class='ocrx_word' id='word_1_201' title='bbox 915 3469 984 3514; x_wconf 90' lang='lat' dir='ltr'><strong>non</strong></span> <span class='ocrx_word' id='word_1_202' title='bbox 1038 3441 1259 3539; x_wconf 70' lang='lat' dir='ltr'><strong>erspexerisi</strong></span> 
     </span>
     <span class='ocr_line' id='line_1_36' title="bbox 310 3469 1259 3640; baseline 0.004 -34"><span class='ocrx_word' id='word_1_203' title='bbox 310 3539 436 3632; x_wconf 75' lang='lat' dir='ltr'><strong>Quam</strong></span> <span class='ocrx_word' id='word_1_204' title='bbox 455 3539 510 3612; x_wconf 84' lang='lat' dir='ltr'><strong>illi</strong></span> <span class='ocrx_word' id='word_1_205' title='bbox 523 3542 730 3612; x_wconf 67' lang='lat' dir='ltr'><strong>varietatem</strong></span> <span class='ocrx_word' id='word_1_206' title='bbox 741 3557 804 3610; x_wconf 81' lang='lat' dir='ltr'><strong>aut</strong></span> <span class='ocrx_word' id='word_1_207' title='bbox 821 3469 1121 3640; x_wconf 75' lang='lat' dir='ltr'><strong>pulchritudinem</strong></span> <span class='ocrx_word' id='word_1_208' title='bbox 1145 3539 1259 3610; x_wconf 84' lang='lat' dir='ltr'><strong>menti</strong></span> 
     </span>
     <span class='ocr_line' id='line_1_37' title="bbox 312 3635 1257 3740; baseline -0.002 -34"><span class='ocrx_word' id='word_1_209' title='bbox 312 3637 528 3732; x_wconf 73' lang='lat' dir='ltr'><strong>exhibeant,</strong></span> <span class='ocrx_word' id='word_1_210' title='bbox 549 3665 657 3740; x_wconf 86' lang='lat' dir='ltr'>quam</span> <span class='ocrx_word' id='word_1_211' title='bbox 677 3641 758 3708; x_wconf 76' lang='lat' dir='ltr'><strong>ante</strong></span> <span class='ocrx_word' id='word_1_212' title='bbox 775 3665 845 3708; x_wconf 89' lang='lat' dir='ltr'><strong>non</strong></span> <span class='ocrx_word' id='word_1_213' title='bbox 864 3635 1034 3726; x_wconf 79' lang='lat' dir='ltr'><strong>censeris,</strong></span> <span class='ocrx_word' id='word_1_214' title='bbox 1053 3637 1096 3707; x_wconf 90' lang='lat' dir='ltr'><strong>de</strong></span> <span class='ocrx_word' id='word_1_215' title='bbox 1112 3639 1183 3736; x_wconf 75' lang='lat' dir='ltr'><strong>qud</strong></span> <span class='ocrx_word' id='word_1_216' title='bbox 1199 3635 1257 3706; x_wconf 88' lang='lat' dir='ltr'><strong>in-</strong></span> 
     </span>
     <span class='ocr_line' id='line_1_38' title="bbox 315 3731 1260 3838; baseline -0.002 -34"><span class='ocrx_word' id='word_1_217' title='bbox 315 3735 456 3838; x_wconf 73' lang='lat' dir='ltr'><strong>geniose</strong></span> <span class='ocrx_word' id='word_1_218' title='bbox 465 3787 477 3829; x_wconf 87' lang='lat'><strong><em>,</em></strong></span> <span class='ocrx_word' id='word_1_219' title='bbox 498 3736 664 3830; x_wconf 85' lang='lat' dir='ltr'><strong>solerter,</strong></span> <span class='ocrx_word' id='word_1_220' title='bbox 680 3737 816 3810; x_wconf 66' lang='lat' dir='ltr'><strong>erudite</strong></span> <span class='ocrx_word' id='word_1_221' title='bbox 832 3762 903 3810; x_wconf 89' lang='lat' dir='ltr'><strong>non</strong></span> <span class='ocrx_word' id='word_1_222' title='bbox 919 3733 1149 3808; x_wconf 66' lang='lat' dir='ltr'><strong>disserueris?</strong></span> <span class='ocrx_word' id='word_1_223' title='bbox 1164 3731 1260 3834; x_wconf 88' lang='lat' dir='ltr'><strong>quod</strong></span> 
     </span>
    </p>
   </div>
   <div class='ocr_carea' id='block_1_3' title="bbox 0 0 1367 4418">
    <p class='ocr_par' dir='ltr' id='par_1_3' title="bbox 0 0 1367 4418">
     <span class='ocr_line' id='line_1_39' title="bbox 0 0 1367 4418; baseline 0 0"><span class='ocrx_word' id='word_1_224' title='bbox 0 0 1367 4418; x_wconf 95' lang='lat' dir='ltr'><strong> </strong></span> 
     </span>
    </p>
   </div>
  </div>
 </body>
</html>
