2668 4414
4 2 28 409 ἶ
316 225 522 274 nunu
571 227 843 278 PRIMUS·
986 237 1054 312 117

44 379 53 405 ι
149 326 202 383 2⁰.
230 321 292 383 Per
315 321 409 382 aliam
433 323 472 382 ad
500 325 632 406 seipsum
661 327 878 412 Apostropden
914 349 1052 416 qureret,

100 405 189 486 quid
210 405 273 464 sibi
298 405 452 487 agendum
471 409 513 466 sit
529 409 564 464 in
584 430 621 468 eo
643 429 745 469 rerum
770 411 968 493 discrimine,
992 431 1055 477 sta·

4 543 6 560 ,
99 498 240 568 μιεηιιο
258 485 343 546 adire
357 485 491 562 inferos,
507 491 661 570 quoniam
675 491 797 554 Caelum
816 508 908 554 tacet.
926 519 932 529 ¹

149 569 201 630 3⁰.
228 567 404 631 Peteliam
434 569 651 654 Apostrophen
673 573 713 633 ad
737 576 871 657 seipsum
896 575 1056 640 damnabit

4 577 8 722 l
105 649 278 712 consilium
302 672 416 726 suum,
457 655 490 710 ui
512 651 594 712 nihil
615 653 722 714 audire
745 661 843 740 possit
859 661 877 716 d
891 658 1056 739 Samuile,

4 733 5 746 ¹
98 735 171 792 'nisi
183 734 341 792 lunestum
349 774 359 808 ‚
368 734 434 792 nih'
460 738 547 818 cujus
556 739 696 796 conscius
707 757 771 797 esse
783 737 843 800 sibi
858 762 921 800 non
932 739 1053 810 debeat,

149 817 200 889 4⁰.
225 814 284 873 Per
303 817 543 898 Prosopopeiam
567 817 661 900 linget
684 818 791 880 audire
816 843 848 884 ee
877 821 1055 904 loquentem

107 893 286 957 Samuelem
300 909 332 956 et
344 896 580 959 denunciantsm
592 899 674 959 mala
685 905 746 982 jam
758 906 820 983 jam
832 919 990 966 eventura.

148 975 335 1046 Concludet.
349 978 385 1055 l,
406 1001 517 1060 perge,
536 983 660 1063 quando
683 985 726 1042 sic
749 981 869 1064 placet,
895 1007 989 1046 evoca
1007 989 1055 1047 ri·

4 1131 6 1146 ,
100 1081 179 1136 ,rum
188 1057 298 1140 illum3
312 1059 394 1122 disce
405 1062 492 1122 abeo
502 1063 712 1126 calamitatum
722 1071 982 1148 tuarum'seriem,
992 1083 1051 1130 etc.

422 1243 732 1300 'onar1m'

156 1397 259 1490 Quid
273 1423 348 1468 esse
363 1395 499 1490 dicam,
518 1405 538 1470 d
554 1399 681 1471 Deus‘l
700 1399 751 1472 Ec
776 1401 840 1473 uid
855 1397 963 1476 ferale
980 1429 1052 1474 non
1086 1435 1244 1500 Amph..

105 1496 233 1567 occinit
252 1496 431 1566 silentium
451 1495 567 1582 illud,
587 1499 682 1597 quod
697 1497 744 1568 lio
782 1503 801 1569 ὲ
829 1517 957 1598 praeter
972 1527 1050 1571 mo-

4 1659 5 1670 }
104 1621 183 1666 rem
195 1589 361 1664 affectas?
375 1594 464 1663 Ecce
478 1593 649 1665 Philistaei
670 1596 840 1695 populum
858 1611 961 1668 tuum
979 1597 1050 1668 im-

4 1729 6 1748 ·
102 1679 261 1792 petunt,
282 1690 518 1762 tristissimam
542 1690 641 1762 nobis
666 1693 856 1792 perniciem
882 1693 1049 1766 minitan-

103 1789 191 1860 tur!
222 1803 259 1860 et
285 1767 413 1860 taces.i
429 1787 661 1862 conticescunt
685 1791 794 1863 Vates
822 1789 899 1884 tui,
930 1809 967 1863 et
997 1793 1050 1864 in-

4 1845 13 1978 l
99 1886 275 1986 ter-rogati
286 1886 488 1958 Sacerdotes
508 1913 716 1999 responsum
732 1917 803 1960 non
814 1885 959 1961 ferunt!
978 1887 1049 1961 ita·

5 1979 6 1986 '
99 2009 154 2055 ne
181 1983 352 2056 miserum
371 1985 506 2086 Regem
525 1984 669 2085 objicis,
694 1991 714 2057 ὂ
740 1987 840 2058 Deus
852 2039 865 2102 3
889 2005 925 2060 et
939 1986 1048 2061 hostis

104 2079 251 2153 barbari
270 2079 447 2153 furoribus
466 2082 687 2154 illudendum
707 2083 903 2182 permittis?
1007 2129 1010 2136 »

157 2179 258 2271 Quid
276 2207 357 2292 ages
374 2230 386 2271 ‚
405 2181 545 2348 Repum
557 2178 896 2296 infortunatrsairne}
916 2189 988 2284 qud
1013 2199 1050 2256 te
1082 2206 1239 2270 spamae

100 2277 254 2376 vertes?
277 2305 376 2377 cujus
397 2278 471 2424 imp
485 2277 599 2350 orabis
622 2307 725 2380 opem
748 2280 786 2350 in
809 2295 916 2351 tantis
928 2307 1051 2352 rerum

102 2391 252 2447 tuarum
269 2375 461 2476 angustiis.
488 2377 595 2447 Satue
620 2405 714 2448 nunc
731 2375 878 2448 tandem
901 2377 1049 2477 aliquid.

106 2471 184 2545 Cur
198 2471 311 2544 haeres
335 2471 495 2546 dubius'.l
519 2499 582 2545 cur
608 2472 808 2546 deliberas?
832 2499 897 2548 cur
920 2473 1053 2546 timesl

106 2597 211 2642 sume
227 2571 375 2672 dignum
397 2572 514 2643 animo
534 2587 595 2643 tuo
611 2623 623 2664 ,
639 2571 788 2672 dignum
836 2572 977 2645 raescnti
996 2598 1054 2645 ca-

107 2669 294 2760 lamitate,
313 2670 460 2770 dignum
490 2668 778 2770 desperatissimis
843 2668 910 2744 bus
938 2670 1054 2743 consi-

59 2815 63 2820 ψ
105 2763 209 2838 lium.
228 2765 381 2839 Nullum
401 2766 501 2840 nobis
523 2769 568 2840 de
589 2767 688 2840 Coelo
706 2795 914 2870 responsum
929 2769 1055 2842 reniti

107 2881 205 2936 esto:
224 2865 394 2937 adeamus
414 2861 570 2958 inferos3
589 2881 815 2966 penetremus
839 2867 965 2940 intima
984 2884 1058 2939 ter·

100 2989 232 3034 rarum
244 2963 400 3055 viscera3
415 2989 599 3036 evocemus
616 2964 699 3036 inde
717 2964 834 3037 virum
844 2964 946 3038 illum
961 3015 973 3055 ,
988 2991 1055 3057 cup,

106 3059 165 3159 jus
185 3087 232 3130 ex
255 3087 315 3132 ore
341 3060 462 3134 divina
489 3061 592 3134 toties
613 3063 755 3136 oracula
773 3075 1028 3162 promanarunt
1039 3088 1054 3154 3

106 3185 154 3229 ne
178 3183 365 3258 parcamus
391 3157 532 3260 magicis
557 3157 717 3252 artibus,
745 3184 863 3260 neque
886 3153 1056 3230 adhibere

102 3255 243 3355 pudeat
260 3281 383 3327 eorum
396 3257 607 3330 industriam
620 3309 631 3347 ‚
659 3283 747 3357 quos
761 3251 929 3357 pepulisti
940 3282 1055 3369 nuper
1139 3329 1150 3344 Ἰ

105 3369 217 3452 atque
240 3354 512 3447 exterminasti;
537 3354 668 3424 scelera
689 3353 767 3451 ipsa
792 3368 900 3460 atque
921 3350 1056 3454 flagnia

107 3447 175 3521 hac
193 3451 301 3521 hodie
321 3453 483 3524 mercede
506 3449 607 3522 nobis
630 3449 805 3552 placeant.

155 3547 306 3620 Atsnim
317 3557 390 3649 qut
454 3549 547 3651 rgis‘l
589 3556 635 3621 ud
687 3578 725 3621 ro
770 3543 858 3622 rasi
875 3554 947 3648 qut
961 3573 1054 3650 prae-

102 3671 190 3744 ceps
213 3646 310 3718 ruisi
339 3576 464 3760 quid'es
529 3575 783 3722 an‘dumlmiis
801 3645 847 3719 ab
862 3671 927 3738 eo,
947 3673 1056 3757 quem
1087 3675 1245 3740 apocopa..

103 3743 324 3818 contrarium
342 3745 408 3820 nbi
419 3799 431 3840 2
453 3675 541 3819 diletis
560 3745 722 3842 viveret,
750 3771 858 3848 quem
879 3741 1057 3822 infensum
