2760 4416
297 221 370 295 mo
556 237 970 292 nnnruarcn

298 344 343 414 tis
366 341 441 414 hac
455 340 552 432 vita,
575 365 685 441 quam
700 340 739 410 in
760 338 834 410 foro
853 337 1048 429 trahimus,
1069 345 1240 416 aerumnis

241 458 246 468 '
297 439 447 511 obnoxia
464 439 532 529 sit,
552 438 632 538 quis
657 439 726 513 erit
744 440 765 508 ὸ
782 436 880 510 vobis
889 490 901 530 ,
921 440 984 540 qui
1002 443 1246 554 occupandam¹

297 565 370 608 uno
390 536 613 608 miseriarum
632 552 740 638 atque
755 535 994 608 calamitatum
1007 565 1147 610 nomme
1169 538 1238 610 hc'-

298 633 485 708 rediutem
513 632 603 712 mihi
626 633 870 732 denegandam
892 633 1111 707 arbitrem?
1132 621 1237 708 Nihil
1268 725 1271 732 1

298 747 391 802 essct
404 731 516 822 ultra,
542 731 637 830 quod
655 729 845 822 adderem,
862 729 1043 828 jamdicta
1061 749 1166 806 causa
1180 735 1239 806 vi-

298 829 375 940 deri
395 844 532 928 posset,
557 828 626 900 nisi
641 824 803 900 fecissent
825 825 945 901 fucum
962 829 1117 1000 adipum
1137 831 1240 903 ador-

297 943 391 996 naus
425 927 471 997 ad
494 949 659 1024 pompam
682 927 820 1026 magis,
849 930 957 1028 quam
978 955 1000 999 a
1051 928 1240 1006 veritatem

296 1049 373 1094 com
398 1021 623 1095 lorationibus
638 1023 691 1094 illi
708 1023 841 1098 sodales
861 1026 957 1116 mei,
980 1043 1037 1118 et,
1058 1025 1105 1098 ad
1117 1043 1240 1098 retun-

297 1051 450 1192 dendam
465 1121 621 1192 subdolae
640 1120 804 1193 orationis
821 1121 1098 1222 malignitatem,
1120 1141 1241 1198 vestra

298 1245 356 1290 me
376 1217 562 1290 auctoritas
580 1217 720 1318 juberet
739 1245 914 1316 perorare.

221 1371 224 1376 .
346 1315 473 1388 Dicam
489 1316 618 1416 igitur,
638 1316 800 1407 Judices,
819 1317 915 1416 quhd
928 1311 1059 1409 sentio,
1076 1325 1148 1389 no‘n
1160 1333 1238 1390 tam

297 1416 344 1485 ad
370 1414 617 1486 revincendam
642 1439 756 1486 causas
779 1439 867 1486 meae
899 1416 1128 1518 aequitatem,
1155 1441 1238 1516 quae

296 1527 479 1622 perspecta
491 1510 567 1611 jam
585 1539 660 1583 esse
682 1510 827 1602 debuit,
850 1515 959 1612 quam
974 1513 1020 1584 ad
1037 1513 1238 1586 revellenda

295 1609 521 1710 praejudicia,
544 1634 626 1707 quae
648 1607 759 1680 futilis
777 1608 1061 1680 consobrinorum
1078 1639 1239 1682 meorum

295 1705 407 1776 oratio
423 1702 550 1779 afferre
564 1707 746 1805 potuisset.
768 1707 999 1778 Desudartmt
1014 1707 1066 1778 illi
1091 1707 1240 1809 quidem

294 1802 516 1902 plurimum,
543 1803 668 1881 uarias,
686 1819 728 1875 ut
751 1805 956 1876 conditionis
981 1804 1097 1897 illius,
1128 1831 1240 1906 quam

294 1899 448 2000 amplexi
464 1915 572 1992 sunt,
603 1901 778 1973 molestias
805 1899 1034 1991 exhiberent,
1058 1918 1114 1992 et,
1140 1903 1240 2002 quod
1270 1976 1275 1984 ,

293 1995 425 2068 mirum
452 1997 665 2098 quibusdam
684 1997 861 2068 'videbitur
871 2047 883 2086 ,
906 1995 1065 2083 nonfuit
1087 2013 1163 2068 tam
1183 1998 1241 2073 in-

294 2093 425 2164 diserte
436 2091 913 2190 perorantiuminsuacausa
925 2091 1108 2185 facundia,
1127 2097 1239 2205 quam

292 2191 469 2290 expectari
485 2185 665 2262 debuisset
679 2188 725 2260 ab
740 2189 806 2280 iis,
822 2190 888 2290 qui
903 2190 1058 2262 Litteras
1073 2191 1163 2264 nihil
1175 2192 1238 2264 ad·

292 2287 439 2358 modum
455 2287 522 2356 atti
542 2302 660 2356 erunt.

291 2413 295 2420 ·
343 2385 419 2484 Ego
444 2409 483 2455 ce
542 2421 566 2475 ·,
596 2382 761 2473 Judices,
793 2410 922 2482 parum
956 2413 1079 2487 aequus
1114 2413 1240 2458 rerum·

210 2477 214 2482 ’
293 2482 485 2554 aestimator
503 2481 670 2573 audiam,
693 2480 723 2551 si
739 2479 847 2552 velim
870 2481 960 2554 nihil
978 2509 1052 2555 esse
1072 2485 1235 2584 penitus,

294 2581 391 2679 quod
408 2579 655 2677 exposmlent3
677 2593 740 2650 aut
762 2579 793 2650 si
807 2597 936 2652 sortem
956 2581 1065 2651 ullam
1110 2598 1234 2676 utem,

292 2693 420 2772 praeter
434 2703 545 2746 unam
569 2675 780 2788 pueritiam,
804 2705 901 2767 esse,
925 2703 1004 2789 quae
1024 2609 1131 2750 nullis
1155 2707 1235 2750 om-

291 2771 377 2844 nino
393 2769 658 2846 difficultattbus
669 2773 897 2846 conflictatur.
914 2773 1030 2846 Sitita
1049 2777 1131 2846 sane
1148 2805 1158 2847 ι
1179 2777 1251 2848 lav

292 2867 430 2941 boriosa
450 2870 496 2942 sit
516 2869 669 2963 militia,
692 2873 775 2944 diun
796 2899 894 2944 arma
909 2871 1066 2964 fervent,
1085 2874 1170 2946 dum
1184 2875 1236 2946 la·

293 2969 500 3060 cessendus,
523 2983 586 3054 aut
605 2969 829 3049 sustinendus
851 2968 959 3040 hostis
977 2988 1057 3041 ests
1079 2971 1236 3043 habeant

293 3083 330 3135 et
347 3067 560 3139 Mercatores
574 3083 703 3136 sortem
720 3067 815 3167 quod
837 3066 999 3140 incusent
1010 3095 1132 3161 suam,
1148 3071 1232 3141 ddm

292 3165 428 3235 amissae
448 3161 629 3264 naufragio
653 3189 805 3253 merces,
828 3183 892 3237 aut
919 3163 1008 3238 fides
1034 3195 1090 3238 em
1116 3184 1232 3238 torum

290 3261 385 3334 mala
395 3259 545 3333 fortunat
560 3259 717 3332 melioris
724 3265 1002 3360 expectationem
1017 3193 1229 3336 fefelenmt.
1276 3341 1281 3349 ,

223 3412 225 3416 -
278 3359 431 3452 vTamen
449 3385 513 3430 nec
533 3358 670 3432 labores
692 3357 746 3431 illi
770 3361 950 3456 continui,
971 3390 1034 3435 nec
1055 3361 1117 3432 illa
1133 3363 1233 3462 peris

260 3529 264 3538 ,
290 3455 368 3528 cula
391 3459 528 3556 passim.
542 3457 691 3530 obnoxia
714 3475 810 3531 sunt.
1133 3513 1139 3524 ι

339 3554 424 3626 Non
438 3571 492 3627 est
508 3555 635 3626 Militis
651 3573 727 3627 tarn
740 3557 870 3630 misera
881 3558 1046 3650 conditis,
1064 3573 1105 3628 ut
1120 3557 1179 3629 vel
1191 3558 1230 3629 in

290 3654 411 3724 castris
444 3679 611 3752 semper,
637 3653 694 3726 vel
715 3655 753 3725 in
783 3657 1018 3748 stationibus,
1046 3653 1105 3727 vel
1136 3655 1231 3727 inter

288 3766 424 3852 Pugssflt
444 3779 484 3860 ¹19
506 3749 617 3825 caedet
642 3757 813 3855 pemeuro
837 3771 1008 3829 versetur.
1036 3745 1120 3827 Post
1143 3751 1225 3826 belli
