2736 4414
335 269 544 340 ,nrorn
566 225 857 333 srnnrrus.
1001 243 1075 340 569

155 359 235 436 ¹uiri
247 367 268 436 d
279 389 335 436 me
347 365 437 476 grati
454 392 494 436 ac
507 362 669 436 memoris
687 363 795 436 animi
806 360 1076 438 monimentum.

141 387 280 534 'i'amen
323 464 386 534 urd
407 489 470 563 ego
492 461 557 534 tibi
567 489 635 561 ,pro
647 465 711 533 tud
722 462 866 532 caritate
881 485 1025 531 voveam
1036 485 1077 531 ac

86 571 89 581 '
140 586 283 658 precer,
299 491 412 632 i'ater
436 558 703 632 amantissime'i
739 558 868 670 Neque
896 557 991 629 enim
1016 573 1078 628 aut

139 683 247 728 novus
269 685 350 756 opes
373 674 435 729 aut
455 657 608 728 honores·
629 684 735 728 novos
767 681 904 731 unimus
929 670 981 724 est
1012 649 1079 724 tibi

139 755 314 852 postulare
329 783 340 846 3
355 755 421 826 erit
430 754 486 826 hic
498 755 640 854 Superis
654 753 753 825 labor
767 805 778 844 ,
800 780 842 824 ea
855 751 1076 840 sollicitudo,

139 875 185 921 ne
202 878 265 922 sua
284 851 653 952 probitati'virtutique
667 851 813 950 praemia
824 846 1022 939 defuerint3
1042 863 1079 920 et

139 947 255 1046 quem'
269 965 319 1020 tot
341 949 412 1020 suis
434 952 480 1021 ad
500 951 692 1048 hocusque
718 966 856 1048 tempus
873 945 1077 1018 muneribus

138 1046 386 1138 cirmulurunt,
406 1049 444 1118 in
468 1049 590 1120 eodem
610 1047 772 1146 deinceps
785 1045 895 1145 magis
911 1071 950 1114 ac
965 1043 1077 1141 magis

138 1145 336 1213 exomendo
350 1142 518 1215 beneficia
529 1145 723 1217 tuebuntur
739 1168 802 1215 sua
815 1196 827 1233 ,
841 1159 878 1214 et
894 1168 938 1254 pe
983 1140 1075 1210 etui-

137 1253 246 1310 tatem
264 1240 441 1339 adjicient.
456 1244 536 1312 'Est
556 1241 691 1343 aliquid
712 1242 834 1332 aliud,
864 1267 914 1310 mr
940 1169 1075 1329 iiior,

163 1339 232 1408 uod
256 1361 330 1407 esse
356 1337 423 1408 tibi
442 1365 609 1411 noveram
631 1340 836 1438 antiquius,
865 1353 901 1408 et
924 1334 1019 1436 quod
1039 1333 1077 1404 in

136 1361 257 1532 iiiique
279 1431 343 1504 filii
365 1435 418 1505 tui
442 1433 607 1508 facultate
632 1437 785 1535 positum
808 1434 920 1507 videri
952 1433 1073 1532 possit.

131 1529 214 1600 Scio
233 1536 448 1630 quantopere
466 1533 640 1605 desideres
651 1541 673 1625 ,'
687 1535 782 1634 quod
797 1549 833 1603 et
848 1532 923 1632 ipse
941 1526 1074 1640 signifi*-

134 1627 220 1696 casti
238 1629 327 1699 mihi
347 1657 417 1700 non
437 1632 572 1723 semel,
593 1631 792 1731 promoveri
807 1629 913 1700 inme
929 1624 1077 1698 feliciter

131 1722 389 1798 institutionem
407 1727 534 1802 honam
547 1781 563 1816 ‚
580 1755 689 1827 quem
708 1726 892 1828 impertis,
913 1724 1075 1823 utpium,

131 1845 243 1918 quam
269 1851 332 1924 pro
356 1851 413 1895 me
435 1827 547 1925 geris,
576 1825 845 1898 sollicitudiuem
870 1851 932 1895 suo
959 1821 1078 1894 fructu

131 1939 202 1986 non
219 1943 353 2006 carere.
369 1923 543 1996 Miserum
565 1951 622 1994 me
638 1921 648 1994 l
677 1923 745 1994 nisi
761 1921 827 1994 hac
839 1922 964 1994 saltem
975 1933 1076 2018 parte

132 2015 328 2110 conspirare
347 2034 463 2089 tecum
480 2021 622 2110 videar,
642 2021 756 2091 enitar
781 2035 827 2092 'ue
841 2018 1010 2107 viriliter,
1029 2043 1075 2089 ne

132 2123 168 2180 te
181 2109 330 2208 impensi
341 2112 424 2183 olim
432 2115 471 2183 in
484 2115 664 2187 educando
678 2047 886 2187 fifioiaboris
900 2131 937 2186 et
947 2113 1074 2185 amoris

133 2207 317 2304 poeniteat.
327 2210 382 2279 Ita
391 2211 563 2308 spondeo,
577 2212 761 2302 miPater3
775 2241 890 2312 neque
899 2208 1076 2309 perfidum

36 2299 39 2311 '
132 2331 256 2375 vereor
268 2303 384 2376 dicere
397 2323 667 2378 sacramentum.
686 2309 871 2398 Quantdm
884 2308 951 2377 erit
963 2308 1002 2376 in
1016 2333 1076 2377 me

25 2473 29 2475 ,
131 2397 306 2498 facultatis
334 2417 370 2472 et
395 2402 577 2474 industriae
589 2453 600 2494 ‚
626 2403 674 2473 sic
691 2427 863 2501 apponam
886 2402 1007 2492 lucro,
1028 2403 1076 2474 sic

130 2495 290 2570 insistam
304 2498 479 2599 vestigiis,
496 2526 576 2600 quae
590 2500 781 2596 contrivisti
791 2502 866 2600 ipse
877 2501 977 2574 tantd
993 2528 1075 2574 cum

131 2593 260 2687 leude,
275 2611 316 2667 ut
325 2648 337 2686 ,
358 2602 438 2670 edm
451 2614 535 2669 aetas
547 2597 718 2696 creverit,
740 2599 873 2670 nonita
890 2597 1075 2696 degener&

131 2695 277 2790 paternd
288 2693 418 2767 virtute
434 2695 547 2792 videri
561 2695 704 2798 possim.
723 2695 827 2774 vote.

132 2890 1067 2930 mmmmm

472 3013 519 3082 ΜΙ
537 3013 575 3084 A
598 3011 633 3082 T
656 3013 692 3082 R
715 3011 733 3081 1

297 3171 432 3246 Filioli
442 3177 503 3246 sui
504 3173 600 3276 plus
612 3199 719 3278 cequo
730 3178 899 3250 Amanti-
925 3211 934 3232 ·

130 3286 282 3420 Vince
306 3347 472 3447 equidem
514 3351 598 3420 udnr
612 3349 833 3463 importunus
849 3379 913 3452 ego
927 3402 939 3444 ‚
963 3356 1070 3452 qudm
1084 3373 1261 3458 objmhm

4 3529 7 3538 γ
40 3465 45 3470 ·
128 3441 295 3514 molestus
310 3471 430 3516 censor
450 3376 635 3520 hairendus
654 3475 748 3538 sun,
791 3449 829 3522 ui
850 3477 1005 3522 umorem
1022 3451 1068 3520 il-

128 3537 222 3628 lum,
238 3567 308 3641 quo
320 3539 468 3614 filiolum
483 3596 494 3634 ‚
512 3572 584 3616 non
600 3561 674 3618 tum
686 3475 943 3649 compiectens,
961 3552 1070 3650 qudrn

127 3637 268 3733 perdis,
295 3667 366 3712 non
395 3668 519 3714 verear
540 3641 757 3718 insimulare.
786 3645 926 3718 Tamen
955 3647 1012 3720 vel
1040 3647 1069 3718 si

127 3729 292 3831 defugere
311 3766 380 3812 non
400 3736 528 3840 possim
542 3739 738 3840 periculum
757 3741 956 3820 ostensionis
974 3761 1069 3833 tuae,
