2756 4414
337 253 862 304 n1nnnsscuunns.
995 239 1065 325 401
1136 306 1160 344 'l
1256 245 1259 263 '

175 405 180 418 '
309 407 891 482 ann1‘rnnnrrunnx.

291 509 308 542 ,
540 505 544 516 .

467 558 740 630 Controversioe.
846 568 858 603 ⁸

158 769 160 773 ,
182 711 265 784 Non
281 731 335 800 est
354 717 443 790 illud
462 746 594 790 novum
614 734 649 802 et
666 719 839 808 insolens,
863 718 959 819 quod
977 711 1071 795 inter

132 835 192 879 eos
206 861 217 901 ,
233 814 295 911 qui
309 815 423 886 varias
442 815 535 886 orbis
555 815 713 914 'regiones
728 815 884 888 incolunt
890 859 901 906 5
921 815 965 886 de
976 845 1070 916 prae-

133 906 290 1013 rogativil
302 913 449 1010 patriae,
470 940 578 1026 quam
595 912 723 1012 singuli
737 927 928 1012 agnoscunt
944 940 1069 1006 suam,

132 999 334 1113 irequentcs
359 1037 399 1082 ac
422 1010 548 1084 vividas
568 1009 802 1084 contentiones
823 1009 992 1082 oriantur.
1007 1013 1072 1082 Est

133 1096 191 1171 lnc
222 1103 329 1201 ipsius
358 1124 494 1180 naturae
523 1134 665 1198 sensus,
693 1135 796 1209 quae,
825 1123 867 1178 ut
894 1109 1072 1190 neminem

131 1199 267 1294 patitur
279 1230 354 1274 esse
366 1204 740 1278 eorumimmemorem
750 1257 761 1296 ,
780 1205 943 1303 aquibus
960 1205 1073 1282 vitam

135 1299 289 1398 accepit,
312 1301 363 1371 ita
386 1329 451 1374 nec
473 1317 605 1372 terram
629 1302 751 1393 illam,
786 1329 894 1401 quam
923 1303 1074 1403 quisque

134 1419 280 1466 nascens
295 1398 449 1495 primum
462 1400 619 1497 aspexit,
638 1399 737 1495 cujus
753 1399 905 1470 adolevit
920 1399 957 1470 in
973 1401 1071 1492 sinu,

134 1491 193 1560 cui
203 1521 350 1564 munera
361 1494 489 1586 debet,
505 1494 633 1595 quibus
644 1493 792 1587 fruitur,
810 1495 893 1566 sinit
904 1494 1072 1568 oblivisci.

137 1588 259 1677 Quare
268 1592 355 1663 adeo
366 1589 695 1691 reprehendendum
708 1619 777 1662 non
787 1609 908 1694 putem
918 1594 1075 1674 studium

134 1687 246 1778 illud,
276 1713 346 1789 quo
367 1689 509 1774 tuenda¹²
529 1685 566 1760 et
584 1713 694 1788 supra·
711 1707 856 1783 caeteras
868 1689 1074 1762 extollendae

163 1785 260 1856 atriae
282 1813 354 1857 suae
376 1786 583 1878 nobilissimi
607 1787 760 1860 Juvenes
780 1804 1010 1879 exarserunt,
1033 1803 1075 1880 pt

134 1812 283 1994 lignum
301 1883 438 1975 laude,
466 1885 611 1983 dignum
630 1885 791 1984 ingenuis
814 1913 852 1956 ac
873 1884 1075 1958 liberalibus

132 1981 263 2066 ,animis
275 2005 355 2052 ‘esse
373 1979 539 2077 judicem.
558 1983 692 2054 Venlm
709 2009 773 2051 nec
791 2009 923 2073 caecus,
942 1982 1074 2065 necinss

136 2077 254 2178 justus
276 2097 350 2152 esse
370 2077 477 2149 debet
500 2077 557 2148 hic
581 2103 684 2148 amor
701 2079 827 2150 natalis
845 2079 906 2150 soli
916 2127 931 2169 ‚-
946 2081 1009 2179 qui
1019 2079 1077 2152 vel

137 2172 283 2262 temere]
310 2175 437 2248 sentiat
465 2174 508 2246 de
526 2175 615 2264 ¹suis
647 2174 839 2276 alienisque
865 2175 970 2248 rebus
977 2229 1003 2269 ,.
1017 2179 1076 2250 sel

106 2335 109 2346 .
133 2271 304 2372 iniquum
317 2274 375 2360 ¹‚de
396 2272 521 2344 iisdem
540 2272 709 2372 judicium
735 2270 837 2344 l'erat.
874 2293 882 2310 ’

129 2398 141 2446 ’,
188 2363 363 2470 Equidem
379 2369 549 2441 sensimus
570 2397 629 2442 vos
639 2421 651 2460 ,
669 2385 842 2469 quotquot
862 2370 944 2462 estis
953 2423 968 2454 ,
991 2398 1073 2442 ocu-

134 2467 227 2541 latos
257 2467 295 2556 in
320 2467 441 2567 primis
475 2494 515 2554 ac
536 2467 749 2566 perspicaces
782 2468 819 2538 in
853 2465 1076 2566 pervidendis
1195 2481 1197 2489 “

138 2564 496 2656 τεηιηιπιοωεηῑίε,
523 2591 603 2666 quae
630 2563 845 2665 singulorum
870 2591 983 2652 causae
1000 2559 1077 2636 ¹suf-

132 2661 269 2764 fragari
287 2679 464 2762 poterant.
484 2661 568 2735 Non
582 2661 687 2735 latuit
700 2662 850 2736 Vasconi
874 2663 994 2736 nativa
1016 2661 1079 2734 illa

132 2760 273 2872 ,ingenii
299 2762 482 2860 sagacitas*
500 2777 537 2832 at
563 2787 607 2832 ue
634 2760 797 2850 solertia,
833 2786 942 2872 quam
970 2759 1076 2831 rebus

135 2885 214 2947 ‚suis
246 2857 491 2968 promovendis
521 2787 573 2930 illi
601 2859 727 2930 Galliae
756 2857 929 2928 ulterioris
944 2855 1076 2942 incolae

135 2981 215 3029 ¹non
244 2951 427 3048 infeliciter
449 2953 631 3034 adhibent.
650 2953 787 3042 Extulit
806 2953 842 3026 in
870 2953 992 3053 primis
1018 2955 1076 3024 in-

142 3053 226 3125 sitas
258 3051 355 3164 genti
378 3077 452 3122 suas
483 3051 580 3124 dotes
601 3052 748 3152 corporis
776 3068 813 3134 et
840 3051 974 3140 animi,
997 3077 1078 3149 quae

137 3209 140 3218 .
168 3166 376 3248 erstnngere
392 3148 507 3220 oculos
525 3167 561 3220 et
574 3145 686 3236 facere
704 3147 824 3220 l'ucum
843 3147 978 3230 solent:
993 3173 1081 3245 pras·

135 3181 273 3342 ‚licant
313 3243 527 3334 confidenter
551 3244 772 3345 praeliactam,
803 3243 899 3314 illam
934 3241 1079 3316 urbanae

134 3345 266 3432 ,frontis
293 3343 501 3433 audaciam,
526 3369 633 3441 quam
658 3341 777 3412 nullus
796 3339 944 3439 repulsae
965 3356 1079 3412 metus

145 3439 353 3557 perturbet,
370 3467 434 3511 nec
452 3439 577 3511 tentati
590 3437 948 3538 'tenioreplerumque
968 3440 1084 3538 operis

145 3541 263 3612 irritus
287 3538 386 3610 labor
405 3534 585 3637 infringat.
605 3539 657 3608 At
682 3563 752 3613 non
774 3533 883 3628 vidit,
907 3551 969 3607 aut
988 3537 1081 3608 certe

146 3636 365 3712 dissimulare
380 3637 474 3709 visus
486 3651 557 3728 est,
575 3651 720 3706 externa
740 3631 824 3726 illa,
845 3633 973 3733 quibus
987 3634 1079 3726 llas·

135 3761 249 3828 ⁸cones
293 3733 484 3826 loriautur,
510 3727 573 3826 vel
584 3731 759 3832 corporis,
778 3731 835 3804 vel
854 3731 963 3808 animi
983 3757 1092 3814 omae,

286 3858 357 3906 οιιι.
385 3835 419 3910 1.
854 3829 914 3902 Cc

472 3943 479 3970 l
