2768 4410
336 212 543 263 arnna
593 213 890 283 narnus„
1005 195 1077 293 289

135 315 293 390 muneris
324 314 414 391 ratio
445 328 651 415 paterentur
680 339 797 416 carere
827 340 885 386 me
909 309 1077 389 hodierno

137 440 300 485 consessu
335 429 472 504 vestro,
508 430 545 484 et
571 425 647 484 tam
672 409 764 483 tn'sti
785 409 977 482 ministerio
1000 411 1078 484 abs-

138 510 273 593 tinere!
295 509 450 606 Frueper
469 513 539 602 eb,
574 533 682 607 quam
708 535 788 579 sum
813 524 1015 592 consecutus
1031 511 1077 580 ad

137 603 234 678 huuc
261 634 375 708 usque
403 607 520 698 diem,
548 603 780 678 brunauitatis
812 605 943 697 laude,
972 623 1013 702 et,
1030 609 1077 678 ad

136 700 300 776 ferendas
330 704 465 776 miseris
494 702 773 814 calamitosisque
796 701 928 777 civibus
948 703 1077 802 suppe-

137 801 205 882 tias
238 800 394 874 studium
427 818 535 914 atque
577 795 788 872 industriam
823 808 1074 886 converterem.

136 895 297 989 Verum,
327 903 409 990 crim
425 927 468 970 ex
482 899 566 988 llb,
587 897 628 968 iu
648 899 719 996 qub
747 924 804 967 me
832 897 1087 990 constituistis,-

135 987 183 1066 ad
224 995 480 1099 invigilandum
518 993 698 1066 securitati
732 993 908 1094 publicae,
932 997 1078 1102 specula

137 1092 399 1192 prospexerim,
429 1093 558 1190 Rernp.
594 1091 728 1162 salvam
754 1115 923 1164 essenon
951 1092 1076 1192 posse,

137 1188 206 1284 nisi
229 1189 361 1290 ‚perditi
373 1213 421 1259 'ac
446 1186 572 1260 nefarii
593 1187 684 1260 cives
698 1189 742 1260 de
760 1189 876 1260 medio
891 1187 1077 1282 tollantur'3

135 1287 325 1387 pristinum
344 1286 433 1358 mibi
450 1287 654 1378 exuendum
674 1286 797 1386 putavi
826 1314 980 1358 amorem
1006 1289 1078 1358 cle-

137 1385 306 1476 mentiae,
335 1401 377 1455 ut
409 1383 552 1488 dignam
583 1383 734 1456 Consule
770 1385 990 1459 severitatem
1021 1386 1077 1456 in-

137 1481 297 1567 duerem,
334 1553 337 1563 ,
1064 1569 1068 1584 ὶ

186 1579 289 1653 Nihil
301 1606 364 1680 ego
372 1608 432 1654 vos
441 1608 576 1672 moror,
589 1582 631 1652 P.
645 1581 687 1654 C.
700 1633 710 1671 ‚
725 1580 783 1654 vel
795 1582 834 1652 in
843 1583 1079 1655 convincendo

135 1677 411 1776 Conjuratorum
427 1673 581 1771 scelere,
601 1679 659 1754 vel
682 1677 719 1750 in
740 1679 911 1780 gravitate
928 1677 1075 1780 flagitii,
1119 1687 1268 1771 conpone·

137 1771 234 1879 quod
258 1775 312 1850 illi
338 1774 625 1868 meditabantur,
650 1777 905 1888 exaggeranda.
927 1779 1078 1850 Patuere
1091 1776 1185 1823 ‘¹¹²⁰‘st
1201 1775 1266 1820 Μ·

136 1871 300 1963 insidiae,
322 1873 539 1946 clandestina
563 1902 643 1946 cum
667 1873 826 1961 hostibus
854 1873 994 1946 consilia
1020 1903 1078 1946 re-

135 1985 228 2062 tecta
251 1989 357 2063 sunt;
406 1989 561 2046 atratum
579 1973 617 2044 in
639 1971 722 2072 ipsis
742 1972 865 2072 patriae
887 1971 1077 2045 visceribus

129 2069 270 2168 ¹crimen
287 2001 520 2141 intellixistis.
549 2069 648 2161 Quid
669 2086 802 2160 restat,
825 2067 892 2142 nisi
912 2087 953 2142 ut
977 2073 1078 2170 pare's
1128 2133 1132 2142 .

135 2151 184 2236 acl
198 2161 443 2268 vindicandam
455 2166 622 2265 injuriam
635 2168 767 2239 animos
781 2163 954 2240 afferatis?
964 2168 1078 2266 Majo-
1163 2172 1165 2182 ⁴

136 2289 194 2334 res
224 2261 333 2337 nostri
359 2280 450 2337 stare
478 2292 578 2365 posse
605 2263 734 2364 Remp.
775 2293 847 2336 non
878 2283 1077 2365 putarunt,

136 2360 206 2431 uisi
225 2357 376 2460 publicae
393 2359 656 2474 tranquillitatis
671 2390 803 2452 osores,
822 2379 994 2530 tanlquam
1008 2391 1077 2462 pu-

136 2457 230 2530 trida
245 2457 391 2530 totidem
405 2458 565 2534 membra
578 2468 597 2551 ,'
607 2475 861 2532 resecarentur.
917 2487 975 2529 am
991 2459 1078 2560 quid

137 2573 382 2669 egospectata
410 2558 492 2629 satis
513 2557 683 2633 Romanae
705 2556 899 2628 severitatis
916 2556 1024 2628 etiam
1040 2557 1079 2629 in

137 2652 228 2725 'cives
256 2653 361 2726 Rom.
385 2655 547 2761 exempla
575 2655 868 2728 commemorem?
895 2655 993 2748 Quid
1021 2655 1100 2752 vel

83 2839 87 2844 ᾗ
117 2812 118 2816 ,
136 2749 214 2863 ipsa
230 2747 489 2826 mnditae'urbis
503 2769 662 2852 repetam
680 2753 846 2826 exordia?
861 2753 957 2854 quid,
968 2755 1077 2826 Man-

125 2848 227 2941 ¹hum
256 2845 403 2948 loquar,
438 2853 528 2951 quid
560 2849 747 2943 Crassum,
785 2850 871 2950 quid
898 2850 1076 2942 Melium‚

137 2945 226 3044 quid
246 2943 430 3038 Flaccum,
464 2949 551 3048 quid
576 2949 774 3038 Gracchos,
806 2947 892 3048 quid
915 2946 1077 3018 Saturni·
1168 2983 1181 3004 ·

136 3045 226 3114 nuru
252 3039 446 3140 proferam,
474 3073 561 3159 quos
581 3046 638 3117 vel
663 3043 797 3116 notaria
820 3071 900 3115 curn
920 3043 1079 3117 hostibus

138 3139 242 3240 Reip.
255 3137 397 3210 consilia
410 3141 612 3234 mohentes,
626 3143 684 3215 vel
700 3141 818 3234 effusis
835 3139 888 3212 lar
911 3135 1079 3208 itionibus
1144 3181 1148 3188 ·

138 3239 185 3310 ad
209 3237 328 3336 populi
356 3237 511 3337 gratiam
530 3241 765 3336 adrepentes,
790 3237 847 3307 vel
872 3167 1025 3305 alienum
1057 3237 1078 3306 a

137 3331 301 3408 libertate
329 3337 448 3406 nostra
477 3336 696 3406 dominatum
723 3331 924 3402 affectantes
944 3333 1077 3434 gravis-

128 3427 236 3505 'simis
250 3431 450 3534 quibusque
467 3431 644 3544 suppliciis
655 3430 773 3502 civitas
789 3428 856 3500 ista
870 3428 1078 3502 mulctavitt
1139 3491 1142 3499 .
1262 3470 1264 3477 -

140 3530 213 3601 Vos
231 3530 389 3628 ejusdem
412 3528 626 3604 auctoritatis
643 3527 790 3599 heredes
804 3543 839 3598 et
853 3527 1078 3630 gloriaeinul·

141 3643 194 3700 tos
216 3655 289 3797 ⁶⁸1⁸?
309 3624 516 3726 patiemini,
538 3627 602 3730 qui
617 3627 743 3706 urbem
759 3625 849 3700 hanc
868 3625 1053 3793 ἱὲοεηὼτε
1063 3678 1076 3718 ,

277 3751 348 3798 om.
360 3731 406 3800 Ἰ.
953 3771 955 3776 .
