<?xml version="1.0" encoding="UTF-8"?>
<!DOCTYPE html PUBLIC "-//W3C//DTD XHTML 1.0 Transitional//EN"
    "http://www.w3.org/TR/xhtml1/DTD/xhtml1-transitional.dtd">
<html xmlns="http://www.w3.org/1999/xhtml" xml:lang="en" lang="en">
 <head>
  <title>
</title>
<meta http-equiv="Content-Type" content="text/html;charset=utf-8" />
  <meta name='ocr-system' content='tesseract 3.04.00' />
  <meta name='ocr-capabilities' content='ocr_page ocr_carea ocr_par ocr_line ocrx_word'/>
</head>
<body>
  <div class='ocr_page' id='page_1' title='image "./bibliothecarhet01jaygoog/bibliothecarhet01jaygoog_0385.png"; bbox 0 0 2766 4412; ppageno 0'>
   <div class='ocr_carea' id='block_1_1' title="bbox 342 240 1076 347">
    <p class='ocr_par' dir='ltr' id='par_1_1' title="bbox 342 240 1076 347">
     <span class='ocr_line' id='line_1_1' title="bbox 342 240 1076 347; baseline 0.011 -35"><span class='ocrx_word' id='word_1_1' title='bbox 342 264 516 312; x_wconf 80' lang='lat' dir='ltr'>nrrrn</span> <span class='ocrx_word' id='word_1_2' title='bbox 564 263 871 318; x_wconf 74' lang='lat' dir='ltr'>saturnus.</span> <span class='ocrx_word' id='word_1_3' title='bbox 1003 240 1076 347; x_wconf 80' lang='lat'>387</span> 
     </span>
    </p>
   </div>
   <div class='ocr_carea' id='block_1_2' title="bbox 89 349 1152 3873">
    <p class='ocr_par' dir='ltr' id='par_1_2' title="bbox 89 349 1152 3873">
     <span class='ocr_line' id='line_1_2' title="bbox 137 349 1079 476; baseline 0.006 -42"><span class='ocrx_word' id='word_1_4' title='bbox 137 349 282 476; x_wconf 71' lang='lat' dir='ltr'>brigini‘s</span> <span class='ocrx_word' id='word_1_5' title='bbox 325 357 483 454; x_wconf 85' lang='lat' dir='ltr'>referre,</span> <span class='ocrx_word' id='word_1_6' title='bbox 524 361 669 434; x_wconf 88' lang='lat' dir='ltr'>laudare</span> <span class='ocrx_word' id='word_1_7' title='bbox 703 362 946 457; x_wconf 79' lang='lat' dir='ltr'><strong>nobilitatem,</strong></span> <span class='ocrx_word' id='word_1_8' title='bbox 977 357 1079 441; x_wconf 71' lang='lat' dir='ltr'>facile</span> 
     </span>
     <span class='ocr_line' id='line_1_3' title="bbox 166 457 1078 552; baseline 0.005 -20"><span class='ocrx_word' id='word_1_9' title='bbox 166 461 256 533; x_wconf 83' lang='lat' dir='ltr'>urvis</span> <span class='ocrx_word' id='word_1_10' title='bbox 288 462 445 532; x_wconf 71' lang='lat' dir='ltr'>restrum</span> <span class='ocrx_word' id='word_1_11' title='bbox 479 457 590 530; x_wconf 85' lang='lat' dir='ltr'>intelli</span> <span class='ocrx_word' id='word_1_12' title='bbox 615 475 673 552; x_wconf 85' lang='lat' dir='ltr'>at,</span> <span class='ocrx_word' id='word_1_13' title='bbox 704 463 916 533; x_wconf 84' lang='lat' dir='ltr'>Aremoricae</span> <span class='ocrx_word' id='word_1_14' title='bbox 952 483 1078 538; x_wconf 80' lang='lat' dir='ltr'>nostrae</span> 
     </span>
     <span class='ocr_line' id='line_1_4' title="bbox 138 487 1078 670; baseline 0.005 -40"><span class='ocrx_word' id='word_1_15' title='bbox 138 488 360 656; x_wconf 47' lang='lat' dir='ltr'>irincipatds</span> <span class='ocrx_word' id='word_1_16' title='bbox 384 557 531 670; x_wconf 70' lang='lat' dir='ltr'>gloriam</span> <span class='ocrx_word' id='word_1_17' title='bbox 556 487 690 628; x_wconf 65' lang='lat' dir='ltr'>deberi.</span> <span class='ocrx_word' id='word_1_18' title='bbox 713 559 783 630; x_wconf 87' lang='lat' dir='ltr'>Sed</span> <span class='ocrx_word' id='word_1_19' title='bbox 800 561 966 658; x_wconf 87' lang='lat' dir='ltr'>quoniam</span> <span class='ocrx_word' id='word_1_20' title='bbox 987 569 1078 634; x_wconf 79' lang='lat' dir='ltr'>tem-</span> 
     </span>
     <span class='ocr_line' id='line_1_5' title="bbox 140 654 1080 756; baseline 0.006 -31"><span class='ocrx_word' id='word_1_21' title='bbox 140 657 235 756; x_wconf 87' lang='lat' dir='ltr'>poris</span> <span class='ocrx_word' id='word_1_22' title='bbox 265 655 433 755; x_wconf 79' lang='lat' dir='ltr'>angustiis</span> <span class='ocrx_word' id='word_1_23' title='bbox 454 654 679 726; x_wconf 79' lang='lat' dir='ltr'>serviendum</span> <span class='ocrx_word' id='word_1_24' title='bbox 702 682 776 726; x_wconf 85' lang='lat' dir='ltr'>esse</span> <span class='ocrx_word' id='word_1_25' title='bbox 794 657 923 748; x_wconf 88' lang='lat' dir='ltr'>sentio,</span> <span class='ocrx_word' id='word_1_26' title='bbox 941 685 1080 731; x_wconf 87' lang='lat' dir='ltr'>necesse</span> 
     </span>
     <span class='ocr_line' id='line_1_6' title="bbox 89 753 1080 844; baseline 0.004 -20"><span class='ocrx_word' id='word_1_27' title='bbox 89 755 90 762; x_wconf 60' lang='lat'><em>&#39;</em></span> <span class='ocrx_word' id='word_1_28' title='bbox 131 766 197 825; x_wconf 72' lang='lat' dir='ltr'>&#39;est</span> <span class='ocrx_word' id='word_1_29' title='bbox 218 753 412 824; x_wconf 82' lang='lat' dir='ltr'>breviorem</span> <span class='ocrx_word' id='word_1_30' title='bbox 430 753 519 824; x_wconf 90' lang='lat' dir='ltr'>inire</span> <span class='ocrx_word' id='word_1_31' title='bbox 536 780 593 824; x_wconf 88' lang='lat' dir='ltr'>me</span> <span class='ocrx_word' id='word_1_32' title='bbox 616 753 732 844; x_wconf 83' lang='lat' dir='ltr'>viam,</span> <span class='ocrx_word' id='word_1_33' title='bbox 755 771 791 824; x_wconf 90' lang='lat' dir='ltr'>et</span> <span class='ocrx_word' id='word_1_34' title='bbox 809 755 882 826; x_wconf 79' lang='lat' dir='ltr'>vim</span> <span class='ocrx_word' id='word_1_35' title='bbox 903 756 1080 828; x_wconf 87' lang='lat' dir='ltr'>Orationis</span> 
     </span>
     <span class='ocr_line' id='line_1_7' title="bbox 142 849 966 924; baseline 0.005 -4"><span class='ocrx_word' id='word_1_36' title='bbox 142 878 285 922; x_wconf 88' lang='lat' dir='ltr'>omnem</span> <span class='ocrx_word' id='word_1_37' title='bbox 303 849 357 921; x_wconf 85' lang='lat' dir='ltr'>bis</span> <span class='ocrx_word' id='word_1_38' title='bbox 405 849 575 922; x_wconf 85' lang='lat' dir='ltr'>raesertim</span> <span class='ocrx_word' id='word_1_39' title='bbox 594 851 779 922; x_wconf 79' lang='lat' dir='ltr'>morientis</span> <span class='ocrx_word' id='word_1_40' title='bbox 797 860 966 924; x_wconf 70' lang='lat' dir='ltr'>coercere.</span> 
     </span>
     <span class='ocr_line' id='line_1_8' title="bbox 192 879 1084 1038; baseline 0.003 -19"><span class='ocrx_word' id='word_1_41' title='bbox 192 949 332 1038; x_wconf 85' lang='lat' dir='ltr'><strong>Credo,</strong></span> <span class='ocrx_word' id='word_1_42' title='bbox 364 879 580 1038; x_wconf 63' lang='lat' dir='ltr'>liuditum,</span> <span class='ocrx_word' id='word_1_43' title='bbox 606 951 763 1020; x_wconf 73' lang='lat' dir='ltr'>vettrdm</span> <span class='ocrx_word' id='word_1_44' title='bbox 784 949 946 1022; x_wconf 89' lang='lat' dir='ltr'>dubitare</span> <span class='ocrx_word' id='word_1_45' title='bbox 973 952 1084 1023; x_wconf 87' lang='lat' dir='ltr'>nemi·</span> 
     </span>
     <span class='ocr_line' id='line_1_9' title="bbox 126 1032 1086 1162; baseline 0.003 -45"><span class='ocrx_word' id='word_1_46' title='bbox 126 1032 252 1136; x_wconf 78' lang='lat' dir='ltr'>¹nem,</span> <span class='ocrx_word' id='word_1_47' title='bbox 278 1062 319 1118; x_wconf 91' lang='lat' dir='ltr'>ut</span> <span class='ocrx_word' id='word_1_48' title='bbox 343 1047 481 1117; x_wconf 88' lang='lat' dir='ltr'>animus</span> <span class='ocrx_word' id='word_1_49' title='bbox 505 1048 543 1116; x_wconf 88' lang='lat' dir='ltr'>in</span> <span class='ocrx_word' id='word_1_50' title='bbox 566 1043 708 1116; x_wconf 89' lang='lat' dir='ltr'>homine</span> <span class='ocrx_word' id='word_1_51' title='bbox 727 1073 807 1144; x_wconf 89' lang='lat' dir='ltr'>pars</span> <span class='ocrx_word' id='word_1_52' title='bbox 827 1047 928 1162; x_wconf 67' lang='lat' dir='ltr'>longe</span> <span class='ocrx_word' id='word_1_53' title='bbox 945 1048 1086 1120; x_wconf 86' lang='lat' dir='ltr'>nobilis-</span> 
     </span>
     <span class='ocr_line' id='line_1_10' title="bbox 144 1141 1085 1242; baseline 0.004 -28"><span class='ocrx_word' id='word_1_54' title='bbox 144 1145 234 1230; x_wconf 85' lang='lat' dir='ltr'>sima</span> <span class='ocrx_word' id='word_1_55' title='bbox 249 1157 456 1242; x_wconf 84' lang='lat' dir='ltr'>reputatur,</span> <span class='ocrx_word' id='word_1_56' title='bbox 474 1143 544 1233; x_wconf 77' lang='lat' dir='ltr'>ita,</span> <span class='ocrx_word' id='word_1_57' title='bbox 569 1141 630 1242; x_wconf 90' lang='lat' dir='ltr'>qui</span> <span class='ocrx_word' id='word_1_58' title='bbox 647 1143 823 1240; x_wconf 83' lang='lat' dir='ltr'>praecellat</span> <span class='ocrx_word' id='word_1_59' title='bbox 839 1173 980 1239; x_wconf 83' lang='lat' dir='ltr'>emme,</span> <span class='ocrx_word' id='word_1_60' title='bbox 1002 1175 1085 1218; x_wconf 88' lang='lat' dir='ltr'>eum</span> 
     </span>
     <span class='ocr_line' id='line_1_11' title="bbox 143 1240 1086 1354; baseline 0.002 -42"><span class='ocrx_word' id='word_1_61' title='bbox 143 1241 278 1312; x_wconf 80' lang='lat' dir='ltr'>caeteris</span> <span class='ocrx_word' id='word_1_62' title='bbox 306 1241 468 1311; x_wconf 87' lang='lat' dir='ltr'>omnibus</span> <span class='ocrx_word' id='word_1_63' title='bbox 499 1240 668 1354; x_wconf 88' lang='lat' dir='ltr'>potiorem</span> <span class='ocrx_word' id='word_1_64' title='bbox 699 1241 823 1316; x_wconf 80' lang='lat' dir='ltr'>videri.</span> <span class='ocrx_word' id='word_1_65' title='bbox 850 1243 972 1314; x_wconf 75' lang='lat' dir='ltr'>Animi</span> <span class='ocrx_word' id='word_1_66' title='bbox 1002 1251 1086 1316; x_wconf 81' lang='lat' dir='ltr'>verb</span> 
     </span>
     <span class='ocr_line' id='line_1_12' title="bbox 142 1339 1085 1451; baseline 0.003 -43"><span class='ocrx_word' id='word_1_67' title='bbox 142 1339 254 1451; x_wconf 88' lang='lat' dir='ltr'>ipsius</span> <span class='ocrx_word' id='word_1_68' title='bbox 268 1339 347 1438; x_wconf 87' lang='lat' dir='ltr'>quis</span> <span class='ocrx_word' id='word_1_69' title='bbox 359 1354 464 1437; x_wconf 84' lang='lat' dir='ltr'>neget</span> <span class='ocrx_word' id='word_1_70' title='bbox 477 1353 624 1408; x_wconf 81' lang='lat' dir='ltr'>virtutes</span> <span class='ocrx_word' id='word_1_71' title='bbox 642 1339 774 1408; x_wconf 80' lang='lat' dir='ltr'>censeri</span> <span class='ocrx_word' id='word_1_72' title='bbox 790 1339 981 1439; x_wconf 84' lang='lat' dir='ltr'>praecipuas</span> <span class='ocrx_word' id='word_1_73' title='bbox 998 1341 1085 1411; x_wconf 89' lang='lat' dir='ltr'>For·</span> 
     </span>
     <span class='ocr_line' id='line_1_13' title="bbox 145 1434 1088 1532; baseline 0.003 -26"><span class='ocrx_word' id='word_1_74' title='bbox 145 1437 337 1506; x_wconf 76' lang='lat' dir='ltr'>titudinem</span> <span class='ocrx_word' id='word_1_75' title='bbox 356 1451 393 1504; x_wconf 88' lang='lat' dir='ltr'>et</span> <span class='ocrx_word' id='word_1_76' title='bbox 418 1434 644 1524; x_wconf 86' lang='lat' dir='ltr'>Bonitatem,</span> <span class='ocrx_word' id='word_1_77' title='bbox 670 1461 758 1532; x_wconf 90' lang='lat' dir='ltr'>quas</span> <span class='ocrx_word' id='word_1_78' title='bbox 785 1463 849 1506; x_wconf 87' lang='lat' dir='ltr'>eo</span> <span class='ocrx_word' id='word_1_79' title='bbox 875 1437 1088 1509; x_wconf 76' lang='lat' dir='ltr'>Aremoricae</span> 
     </span>
     <span class='ocr_line' id='line_1_14' title="bbox 144 1463 1089 1638; baseline 0.005 -37"><span class='ocrx_word' id='word_1_80' title='bbox 144 1534 261 1632; x_wconf 77' lang='lat' dir='ltr'>gentis</span> <span class='ocrx_word' id='word_1_81' title='bbox 284 1536 359 1602; x_wconf 73' lang='lat' dir='ltr'>tim</span> <span class='ocrx_word' id='word_1_82' title='bbox 413 1532 544 1630; x_wconf 88' lang='lat' dir='ltr'>roprias</span> <span class='ocrx_word' id='word_1_83' title='bbox 572 1557 647 1602; x_wconf 85' lang='lat' dir='ltr'>esse</span> <span class='ocrx_word' id='word_1_84' title='bbox 676 1463 869 1624; x_wconf 71' lang='lat' dir='ltr'>contendo,</span> <span class='ocrx_word' id='word_1_85' title='bbox 897 1549 938 1604; x_wconf 92' lang='lat' dir='ltr'>ut</span> <span class='ocrx_word' id='word_1_86' title='bbox 960 1535 1089 1638; x_wconf 88' lang='lat' dir='ltr'>reliqui</span> 
     </span>
     <span class='ocr_line' id='line_1_15' title="bbox 144 1627 1089 1732; baseline 0.001 -31"><span class='ocrx_word' id='word_1_87' title='bbox 144 1633 184 1701; x_wconf 85' lang='lat' dir='ltr'>in</span> <span class='ocrx_word' id='word_1_88' title='bbox 212 1633 285 1701; x_wconf 64' lang='lat' dir='ltr'>tota</span> <span class='ocrx_word' id='word_1_89' title='bbox 324 1629 358 1698; x_wconf 92' lang='lat' dir='ltr'>G</span> <span class='ocrx_word' id='word_1_90' title='bbox 407 1629 442 1698; x_wconf 79' lang='lat' dir='ltr'>ia</span> <span class='ocrx_word' id='word_1_91' title='bbox 469 1627 590 1728; x_wconf 90' lang='lat' dir='ltr'>populi</span> <span class='ocrx_word' id='word_1_92' title='bbox 618 1628 738 1699; x_wconf 83' lang='lat' dir='ltr'>venire</span> <span class='ocrx_word' id='word_1_93' title='bbox 772 1631 885 1702; x_wconf 88' lang='lat' dir='ltr'>laudis</span> <span class='ocrx_word' id='word_1_94' title='bbox 913 1631 1020 1732; x_wconf 85' lang='lat' dir='ltr'>hujus</span> <span class='ocrx_word' id='word_1_95' title='bbox 1050 1633 1089 1703; x_wconf 90' lang='lat' dir='ltr'>in</span> 
     </span>
     <span class='ocr_line' id='line_1_16' title="bbox 144 1726 1034 1797; baseline -0.002 -1"><span class='ocrx_word' id='word_1_96' title='bbox 144 1727 402 1797; x_wconf 75' lang='lat' dir='ltr'>contentionem</span> <span class='ocrx_word' id='word_1_97' title='bbox 428 1753 499 1797; x_wconf 89' lang='lat' dir='ltr'>non</span> <span class='ocrx_word' id='word_1_98' title='bbox 522 1726 687 1796; x_wconf 91' lang='lat' dir='ltr'>debeant.</span> <span class='ocrx_word' id='word_1_99' title='bbox 967 1755 972 1768; x_wconf 89' lang='lat'><em>·</em></span> <span class='ocrx_word' id='word_1_100' title='bbox 1031 1771 1034 1776; x_wconf 91' lang='lat'>-</span> 
     </span>
     <span class='ocr_line' id='line_1_17' title="bbox 194 1823 1090 1926; baseline 0.006 -31"><span class='ocrx_word' id='word_1_101' title='bbox 194 1827 249 1896; x_wconf 90' lang='lat' dir='ltr'>Ac</span> <span class='ocrx_word' id='word_1_102' title='bbox 278 1825 323 1895; x_wconf 88' lang='lat' dir='ltr'>de</span> <span class='ocrx_word' id='word_1_103' title='bbox 346 1823 568 1895; x_wconf 85' lang='lat' dir='ltr'>Fortitudine</span> <span class='ocrx_word' id='word_1_104' title='bbox 592 1823 748 1922; x_wconf 75' lang='lat' dir='ltr'>primum</span> <span class='ocrx_word' id='word_1_105' title='bbox 770 1824 950 1919; x_wconf 70' lang='lat' dir='ltr'>dicturus,</span> <span class='ocrx_word' id='word_1_106' title='bbox 980 1825 1090 1926; x_wconf 71' lang='lat' dir='ltr'>quini</span> 
     </span>
     <span class='ocr_line' id='line_1_18' title="bbox 146 1917 1152 2020; baseline 0.003 -27"><span class='ocrx_word' id='word_1_107' title='bbox 146 1922 261 1994; x_wconf 84' lang='lat' dir='ltr'>multa</span> <span class='ocrx_word' id='word_1_108' title='bbox 280 1917 411 1992; x_wconf 88' lang='lat' dir='ltr'>referre</span> <span class='ocrx_word' id='word_1_109' title='bbox 434 1921 564 2020; x_wconf 89' lang='lat' dir='ltr'>possim</span> <span class='ocrx_word' id='word_1_110' title='bbox 585 1919 689 1992; x_wconf 83' lang='lat' dir='ltr'>avitae</span> <span class='ocrx_word' id='word_1_111' title='bbox 704 1920 820 2012; x_wconf 83' lang='lat' dir='ltr'>laudis</span> <span class='ocrx_word' id='word_1_112' title='bbox 837 1941 1088 2017; x_wconf 87' lang='lat' dir='ltr'>monumenta,</span> <span class='ocrx_word' id='word_1_113' title='bbox 1149 1959 1152 1980; x_wconf 64' lang='grc' dir='ltr'>ι</span> 
     </span>
     <span class='ocr_line' id='line_1_19' title="bbox 173 2013 1090 2120; baseline 0.002 -30"><span class='ocrx_word' id='word_1_114' title='bbox 173 2019 276 2091; x_wconf 85' lang='lat' dir='ltr'>uibus</span> <span class='ocrx_word' id='word_1_115' title='bbox 292 2045 376 2118; x_wconf 80' lang='lat' dir='ltr'>gens</span> <span class='ocrx_word' id='word_1_116' title='bbox 394 2035 511 2089; x_wconf 87' lang='lat' dir='ltr'>nostra</span> <span class='ocrx_word' id='word_1_117' title='bbox 526 2013 741 2089; x_wconf 80' lang='lat' dir='ltr'>fortitudinis</span> <span class='ocrx_word' id='word_1_118' title='bbox 765 2019 910 2120; x_wconf 81' lang='lat' dir='ltr'>gloriam</span> <span class='ocrx_word' id='word_1_119' title='bbox 929 2019 996 2092; x_wconf 83' lang='lat' dir='ltr'>sibi</span> <span class='ocrx_word' id='word_1_120' title='bbox 1008 2023 1090 2093; x_wconf 81' lang='lat' dir='ltr'>vin-</span> 
     </span>
     <span class='ocr_line' id='line_1_20' title="bbox 146 2047 1091 2217; baseline 0.004 -31"><span class='ocrx_word' id='word_1_121' title='bbox 146 2047 254 2187; x_wconf 74' lang='lat' dir='ltr'>dicat.</span> <span class='ocrx_word' id='word_1_122' title='bbox 283 2119 359 2187; x_wconf 89' lang='lat' dir='ltr'>Hoc</span> <span class='ocrx_word' id='word_1_123' title='bbox 386 2117 525 2216; x_wconf 83' lang='lat' dir='ltr'>ipsum,</span> <span class='ocrx_word' id='word_1_124' title='bbox 559 2115 654 2217; x_wconf 88' lang='lat' dir='ltr'>quod</span> <span class='ocrx_word' id='word_1_125' title='bbox 685 2114 730 2186; x_wconf 91' lang='lat' dir='ltr'>ab</span> <span class='ocrx_word' id='word_1_126' title='bbox 759 2117 854 2188; x_wconf 89' lang='lat' dir='ltr'>omni</span> <span class='ocrx_word' id='word_1_127' title='bbox 880 2121 985 2217; x_wconf 68' lang='lat' dir='ltr'>poene</span> <span class='ocrx_word' id='word_1_128' title='bbox 1016 2145 1091 2192; x_wconf 85' lang='lat' dir='ltr'>aevo</span> 
     </span>
     <span class='ocr_line' id='line_1_21' title="bbox 144 2211 1094 2314; baseline 0.001 -29"><span class='ocrx_word' id='word_1_129' title='bbox 144 2212 256 2314; x_wconf 69' lang='lat' dir='ltr'>vulgb</span> <span class='ocrx_word' id='word_1_130' title='bbox 279 2211 422 2285; x_wconf 82' lang='lat' dir='ltr'>ferimus</span> <span class='ocrx_word' id='word_1_131' title='bbox 447 2214 605 2284; x_wconf 87' lang='lat' dir='ltr'>Britones</span> <span class='ocrx_word' id='word_1_132' title='bbox 623 2229 776 2306; x_wconf 84' lang='lat' dir='ltr'>nomen,</span> <span class='ocrx_word' id='word_1_133' title='bbox 803 2215 898 2286; x_wconf 74' lang='lat' dir='ltr'>unde</span> <span class='ocrx_word' id='word_1_134' title='bbox 919 2216 1019 2288; x_wconf 85' lang='lat' dir='ltr'>nobis</span> <span class='ocrx_word' id='word_1_135' title='bbox 1041 2217 1094 2287; x_wconf 89' lang='lat' dir='ltr'>in·</span> 
     </span>
     <span class='ocr_line' id='line_1_22' title="bbox 146 2311 1094 2410; baseline 0.004 -27"><span class='ocrx_word' id='word_1_136' title='bbox 146 2313 288 2404; x_wconf 86' lang='lat' dir='ltr'>ditum,</span> <span class='ocrx_word' id='word_1_137' title='bbox 307 2311 364 2383; x_wconf 80' lang='lat' dir='ltr'>rel</span> <span class='ocrx_word' id='word_1_138' title='bbox 378 2312 473 2410; x_wconf 90' lang='lat' dir='ltr'>&#39;quid</span> <span class='ocrx_word' id='word_1_139' title='bbox 489 2311 586 2382; x_wconf 86' lang='lat' dir='ltr'>aliud</span> <span class='ocrx_word' id='word_1_140' title='bbox 605 2327 717 2403; x_wconf 82' lang='lat' dir='ltr'>sonat,</span> <span class='ocrx_word' id='word_1_141' title='bbox 728 2329 855 2410; x_wconf 84' lang='lat' dir='ltr'>praeter</span> <span class='ocrx_word' id='word_1_142' title='bbox 867 2311 1094 2388; x_wconf 72' lang='lat' dir='ltr'>victoriarum</span> 
     </span>
     <span class='ocr_line' id='line_1_23' title="bbox 151 2407 1094 2522; baseline 0 -42"><span class='ocrx_word' id='word_1_143' title='bbox 151 2409 323 2510; x_wconf 81' lang='lat' dir='ltr'>insignia,&#39;</span> <span class='ocrx_word' id='word_1_144' title='bbox 338 2435 425 2510; x_wconf 86' lang='lat' dir='ltr'>quas</span> <span class='ocrx_word' id='word_1_145' title='bbox 444 2409 553 2479; x_wconf 83' lang='lat' dir='ltr'>nostri</span> <span class='ocrx_word' id='word_1_146' title='bbox 569 2407 727 2480; x_wconf 87' lang='lat' dir='ltr'>homines</span> <span class='ocrx_word' id='word_1_147' title='bbox 747 2410 790 2480; x_wconf 90' lang='lat' dir='ltr'>de</span> <span class='ocrx_word' id='word_1_148' title='bbox 807 2409 938 2522; x_wconf 74' lang='lat' dir='ltr'>majore</span> <span class='ocrx_word' id='word_1_149' title='bbox 951 2410 1094 2482; x_wconf 88' lang='lat' dir='ltr'>Britan·</span> 
     </span>
     <span class='ocr_line' id='line_1_24' title="bbox 150 2506 1092 2608; baseline 0.002 -30"><span class='ocrx_word' id='word_1_150' title='bbox 150 2509 212 2580; x_wconf 79' lang='lat' dir='ltr'>nia</span> <span class='ocrx_word' id='word_1_151' title='bbox 231 2508 313 2578; x_wconf 88' lang='lat' dir='ltr'>olim</span> <span class='ocrx_word' id='word_1_152' title='bbox 330 2523 566 2608; x_wconf 80' lang='lat' dir='ltr'>reportarunt.</span> <span class='ocrx_word' id='word_1_153' title='bbox 587 2506 875 2606; x_wconf 85' lang='lat' dir='ltr'>Impatiente&#39;silh</span> <span class='ocrx_word' id='word_1_154' title='bbox 894 2507 1071 2601; x_wconf 79' lang='lat' dir='ltr'>servitutis</span> <span class='ocrx_word' id='word_1_155' title='bbox 1080 2561 1092 2598; x_wconf 92' lang='lat'><em>‚</em></span> 
     </span>
     <span class='ocr_line' id='line_1_25' title="bbox 152 2604 1095 2706; baseline 0.002 -30"><span class='ocrx_word' id='word_1_156' title='bbox 152 2621 189 2676; x_wconf 87' lang='lat' dir='ltr'>et</span> <span class='ocrx_word' id='word_1_157' title='bbox 198 2604 1095 2706; x_wconf 79' lang='lat' dir='ltr'>suaelibertatisamatores,jugum,quodimponere</span> 
     </span>
     <span class='ocr_line' id='line_1_26' title="bbox 152 2703 1096 2796; baseline 0.001 -24"><span class='ocrx_word' id='word_1_158' title='bbox 152 2703 295 2773; x_wconf 89' lang='lat' dir='ltr'>barbari</span> <span class='ocrx_word' id='word_1_159' title='bbox 307 2703 593 2794; x_wconf 76' lang='lat' dir='ltr'>meditabantur,</span> <span class='ocrx_word' id='word_1_160' title='bbox 616 2704 852 2775; x_wconf 68' lang='lat' dir='ltr'>&#39;detrectavere</span> <span class='ocrx_word' id='word_1_161' title='bbox 868 2704 1038 2796; x_wconf 76' lang='lat' dir='ltr'>viriliter,</span> <span class='ocrx_word' id='word_1_162' title='bbox 1060 2719 1096 2776; x_wconf 91' lang='lat' dir='ltr'>et</span> 
     </span>
     <span class='ocr_line' id='line_1_27' title="bbox 153 2796 1094 2900; baseline 0.001 -31"><span class='ocrx_word' id='word_1_163' title='bbox 153 2802 310 2897; x_wconf 67' lang='lat' dir='ltr'>repressi</span> <span class='ocrx_word' id='word_1_164' title='bbox 324 2797 484 2871; x_wconf 80' lang='lat' dir='ltr'>felicibus</span> <span class='ocrx_word' id='word_1_165' title='bbox 498 2801 658 2899; x_wconf 80' lang='lat' dir='ltr'>auspiciis</span> <span class='ocrx_word' id='word_1_166' title='bbox 667 2796 776 2872; x_wconf 88' lang='lat' dir='ltr'>bostis</span> <span class='ocrx_word' id='word_1_167' title='bbox 790 2801 932 2900; x_wconf 89' lang='lat' dir='ltr'>superbi</span> <span class='ocrx_word' id='word_1_168' title='bbox 944 2800 1094 2890; x_wconf 74' lang='lat' dir='ltr'>l&#39;erocid,</span> 
     </span>
     <span class='ocr_line' id='line_1_28' title="bbox 155 2893 1097 2998; baseline -0.001 -30"><span class='ocrx_word' id='word_1_169' title='bbox 155 2923 276 2969; x_wconf 86' lang='lat' dir='ltr'>rerum</span> <span class='ocrx_word' id='word_1_170' title='bbox 303 2893 439 2968; x_wconf 86' lang='lat' dir='ltr'>fortiter</span> <span class='ocrx_word' id='word_1_171' title='bbox 464 2914 642 2998; x_wconf 83' lang='lat' dir='ltr'>gestarum</span> <span class='ocrx_word' id='word_1_172' title='bbox 670 2895 803 2968; x_wconf 84' lang='lat' dir='ltr'>famam</span> <span class='ocrx_word' id='word_1_173' title='bbox 829 2899 900 2969; x_wconf 76' lang='lat' dir='ltr'>und</span> <span class='ocrx_word' id='word_1_174' title='bbox 924 2903 1004 2969; x_wconf 80' lang='lat' dir='ltr'>cuni</span> <span class='ocrx_word' id='word_1_175' title='bbox 1021 2895 1097 2998; x_wconf 87' lang='lat' dir='ltr'>ipso</span> 
     </span>
     <span class='ocr_line' id='line_1_29' title="bbox 154 2993 1095 3094; baseline -0.002 -30"><span class='ocrx_word' id='word_1_176' title='bbox 154 2995 295 3064; x_wconf 86' lang='lat' dir='ltr'>nomine</span> <span class='ocrx_word' id='word_1_177' title='bbox 310 2995 348 3063; x_wconf 91' lang='lat' dir='ltr'>in</span> <span class='ocrx_word' id='word_1_178' title='bbox 362 2993 495 3064; x_wconf 86' lang='lat' dir='ltr'>Gallias</span> <span class='ocrx_word' id='word_1_179' title='bbox 516 2997 754 3065; x_wconf 73' lang='lat' dir='ltr'>transmisere.¹</span> <span class='ocrx_word' id='word_1_180' title='bbox 770 2994 864 3066; x_wconf 89' lang='lat' dir='ltr'>Hinc</span> <span class='ocrx_word' id='word_1_181' title='bbox 880 2999 963 3066; x_wconf 86' lang='lat' dir='ltr'>verb</span> <span class='ocrx_word' id='word_1_182' title='bbox 980 3021 1095 3094; x_wconf 89' lang='lat' dir='ltr'>quan-</span> 
     </span>
     <span class='ocr_line' id='line_1_30' title="bbox 154 3089 1097 3174; baseline -0.002 -12"><span class='ocrx_word' id='word_1_183' title='bbox 154 3107 232 3162; x_wconf 90' lang='lat' dir='ltr'>tum</span> <span class='ocrx_word' id='word_1_184' title='bbox 261 3089 367 3162; x_wconf 86' lang='lat' dir='ltr'>rebus</span> <span class='ocrx_word' id='word_1_185' title='bbox 391 3091 534 3162; x_wconf 74' lang='lat' dir='ltr'>Gallicis</span> <span class='ocrx_word' id='word_1_186' title='bbox 559 3094 664 3174; x_wconf 86' lang='lat' dir='ltr'>decus</span> <span class='ocrx_word' id='word_1_187' title='bbox 689 3120 728 3162; x_wconf 89' lang='lat' dir='ltr'>ac</span> <span class='ocrx_word' id='word_1_188' title='bbox 774 3093 953 3162; x_wconf 86' lang='lat' dir='ltr'>raesidium</span> <span class='ocrx_word' id='word_1_189' title='bbox 981 3117 1097 3160; x_wconf 84' lang='lat' dir='ltr'>acces-</span> 
     </span>
     <span class='ocr_line' id='line_1_31' title="bbox 155 3119 1143 3279; baseline -0.001 -19"><span class='ocrx_word' id='word_1_190' title='bbox 155 3189 222 3279; x_wconf 87' lang='lat' dir='ltr'>sit,</span> <span class='ocrx_word' id='word_1_191' title='bbox 241 3187 328 3259; x_wconf 85' lang='lat' dir='ltr'>ddm</span> <span class='ocrx_word' id='word_1_192' title='bbox 345 3197 523 3258; x_wconf 81' lang='lat' dir='ltr'>armorum</span> <span class='ocrx_word' id='word_1_193' title='bbox 539 3206 736 3266; x_wconf 85' lang='lat' dir='ltr'>nostrorum</span> <span class='ocrx_word' id='word_1_194' title='bbox 749 3119 855 3258; x_wconf 75' lang='lat' dir='ltr'>laude</span> <span class='ocrx_word' id='word_1_195' title='bbox 874 3187 1099 3260; x_wconf 85' lang='lat' dir='ltr'>securitatem</span> <span class='ocrx_word' id='word_1_196' title='bbox 1141 3199 1143 3208; x_wconf 81' lang='grc'>’</span> 
     </span>
     <span class='ocr_line' id='line_1_32' title="bbox 154 3283 1100 3386; baseline -0.004 -28"><span class='ocrx_word' id='word_1_197' title='bbox 154 3283 402 3386; x_wconf 76' lang='lat' dir='ltr'>toti⁴i1nperi0</span> <span class='ocrx_word' id='word_1_198' title='bbox 452 3303 632 3356; x_wconf 85' lang='lat' dir='ltr'>raestamus</span> <span class='ocrx_word' id='word_1_199' title='bbox 656 3315 694 3356; x_wconf 81' lang='lat' dir='ltr'>ec</span> <span class='ocrx_word' id='word_1_200' title='bbox 725 3284 893 3384; x_wconf 81' lang='lat' dir='ltr'>gloriam!</span> <span class='ocrx_word' id='word_1_201' title='bbox 914 3285 999 3355; x_wconf 86' lang='lat' dir='ltr'>Fuit</span> <span class='ocrx_word' id='word_1_202' title='bbox 1026 3284 1100 3357; x_wconf 86' lang='lat' dir='ltr'>ulla</span> 
     </span>
     <span class='ocr_line' id='line_1_33' title="bbox 153 3314 1097 3484; baseline -0.002 -29"><span class='ocrx_word' id='word_1_203' title='bbox 153 3403 241 3484; x_wconf 79' lang='lat' dir='ltr'>&#39;gens</span> <span class='ocrx_word' id='word_1_204' title='bbox 287 3384 327 3454; x_wconf 87' lang='lat' dir='ltr'>in</span> <span class='ocrx_word' id='word_1_205' title='bbox 365 3314 483 3454; x_wconf 67' lang='lat' dir='ltr'>Gadis</span> <span class='ocrx_word' id='word_1_206' title='bbox 530 3399 605 3452; x_wconf 88' lang='lat' dir='ltr'>tam</span> <span class='ocrx_word' id='word_1_207' title='bbox 637 3379 770 3452; x_wconf 81' lang='lat' dir='ltr'>famosa</span> <span class='ocrx_word' id='word_1_208' title='bbox 804 3383 875 3452; x_wconf 86' lang='lat' dir='ltr'>suis</span> <span class='ocrx_word' id='word_1_209' title='bbox 905 3381 1097 3474; x_wconf 85' lang='lat' dir='ltr'>Ducibus,</span> 
     </span>
     <span class='ocr_line' id='line_1_34' title="bbox 158 3477 1100 3582; baseline 0.001 -31"><span class='ocrx_word' id='word_1_210' title='bbox 158 3497 232 3551; x_wconf 85' lang='lat' dir='ltr'>tam</span> <span class='ocrx_word' id='word_1_211' title='bbox 270 3482 403 3554; x_wconf 87' lang='lat' dir='ltr'>invicta</span> <span class='ocrx_word' id='word_1_212' title='bbox 433 3477 549 3572; x_wconf 82' lang='lat' dir='ltr'>bello,</span> <span class='ocrx_word' id='word_1_213' title='bbox 581 3495 633 3551; x_wconf 88' lang='lat' dir='ltr'>tot</span> <span class='ocrx_word' id='word_1_214' title='bbox 662 3479 814 3551; x_wconf 81' lang='lat' dir='ltr'>victoriis</span> <span class='ocrx_word' id='word_1_215' title='bbox 845 3505 883 3551; x_wconf 87' lang='lat' dir='ltr'>ac</span> <span class='ocrx_word' id='word_1_216' title='bbox 912 3480 1100 3582; x_wconf 82' lang='lat' dir='ltr'>triumphis</span> 
     </span>
     <span class='ocr_line' id='line_1_35' title="bbox 159 3575 1101 3681; baseline 0.003 -34"><span class='ocrx_word' id='word_1_217' title='bbox 159 3575 369 3651; x_wconf 59' lang='lat' dir='ltr'>nobilitata?</span> <span class='ocrx_word' id='word_1_218' title='bbox 392 3577 463 3650; x_wconf 89' lang='lat' dir='ltr'>Sed</span> <span class='ocrx_word' id='word_1_219' title='bbox 484 3579 570 3679; x_wconf 88' lang='lat' dir='ltr'>quid</span> <span class='ocrx_word' id='word_1_220' title='bbox 591 3606 653 3678; x_wconf 81' lang='lat' dir='ltr'>ego</span> <span class='ocrx_word' id='word_1_221' title='bbox 678 3577 753 3649; x_wconf 84' lang='lat' dir='ltr'>haec</span> <span class='ocrx_word' id='word_1_222' title='bbox 775 3595 992 3670; x_wconf 84' lang='lat' dir='ltr'>memorem,</span> <span class='ocrx_word' id='word_1_223' title='bbox 1021 3605 1101 3681; x_wconf 74' lang='lat' dir='ltr'>ques¹</span> 
     </span>
     <span class='ocr_line' id='line_1_36' title="bbox 158 3673 1098 3777; baseline 0 -31"><span class='ocrx_word' id='word_1_224' title='bbox 158 3677 294 3760; x_wconf 83' lang='lat' dir='ltr'>notiora</span> <span class='ocrx_word' id='word_1_225' title='bbox 306 3693 387 3747; x_wconf 86' lang='lat' dir='ltr'>sunt</span> <span class='ocrx_word' id='word_1_226' title='bbox 399 3693 436 3746; x_wconf 85' lang='lat' dir='ltr'>et</span> <span class='ocrx_word' id='word_1_227' title='bbox 448 3675 675 3747; x_wconf 85' lang='lat' dir='ltr'>historiarum</span> <span class='ocrx_word' id='word_1_228' title='bbox 688 3673 765 3748; x_wconf 87' lang='lat' dir='ltr'>luce</span> <span class='ocrx_word' id='word_1_229' title='bbox 778 3675 888 3777; x_wconf 85' lang='lat' dir='ltr'>magis</span> <span class='ocrx_word' id='word_1_230' title='bbox 904 3675 1098 3770; x_wconf 86' lang='lat' dir='ltr'>illustrata,</span> 
     </span>
     <span class='ocr_line' id='line_1_37' title="bbox 160 3773 1102 3873; baseline -0.002 -27"><span class='ocrx_word' id='word_1_231' title='bbox 160 3777 270 3873; x_wconf 76' lang='lat' dir='ltr'>quim</span> <span class='ocrx_word' id='word_1_232' title='bbox 298 3789 339 3844; x_wconf 87' lang='lat' dir='ltr'>ut</span> <span class='ocrx_word' id='word_1_233' title='bbox 370 3774 535 3873; x_wconf 78' lang='lat' dir='ltr'>cuiquam</span> <span class='ocrx_word' id='word_1_234' title='bbox 560 3773 707 3848; x_wconf 87' lang='lat' dir='ltr'>obscura</span> <span class='ocrx_word' id='word_1_235' title='bbox 734 3801 809 3847; x_wconf 86' lang='lat' dir='ltr'>esse</span> <span class='ocrx_word' id='word_1_236' title='bbox 863 3774 982 3844; x_wconf 81' lang='lat' dir='ltr'>ossint.</span> <span class='ocrx_word' id='word_1_237' title='bbox 996 3774 1102 3846; x_wconf 85' lang='lat' dir='ltr'>Mitto</span> 
     </span>
    </p>
   </div>
   <div class='ocr_carea' id='block_1_3' title="bbox 861 3871 933 3942">
    <p class='ocr_par' dir='ltr' id='par_1_3' title="bbox 861 3871 933 3942">
     <span class='ocr_line' id='line_1_38' title="bbox 861 3871 933 3942; baseline 0 0"><span class='ocrx_word' id='word_1_238' title='bbox 861 3871 933 3942; x_wconf 83' lang='lat' dir='ltr'>ba</span> 
     </span>
    </p>
   </div>
   <div class='ocr_carea' id='block_1_4' title="bbox 0 0 1412 4412">
    <p class='ocr_par' dir='ltr' id='par_1_4' title="bbox 0 0 1412 4412">
     <span class='ocr_line' id='line_1_39' title="bbox 0 0 1412 4412; baseline 0 0"><span class='ocrx_word' id='word_1_239' title='bbox 0 0 1412 4412; x_wconf 95' lang='lat' dir='ltr'> </span> 
     </span>
    </p>
   </div>
  </div>
 </body>
</html>
