2668 4414
251 201 298 276 72
379 203 383 213 '
514 198 923 249 RHETORM'AE

250 301 363 398 cepit.
378 291 460 388 Quo
478 297 517 370 in
528 299 688 396 exemplo
701 299 875 376 simulatio
885 315 957 370 tota
972 295 1013 368 iit
1022 297 1059 370 in
1068 296 1188 395 singu-

250 383 294 466 lis
312 391 429 466 verbis
443 397 464 464 b
477 394 792 495 subsigniiicetione
805 395 844 468 in
854 395 1062 466 contrariam
1071 410 1189 466 muta·
1289 461 1297 470 .

251 493 312 562 tis.
344 491 441 562 Num
460 509 582 568 nanas
599 511 719 591 postea
740 493 862 564 Cicero
881 496 989 593 quim
1005 506 1193 562 cruentum

252 588 291 660 in
308 614 443 660 morem
461 589 686 686 Sosopatrum
708 590 811 662 illum
833 592 963 662 Verres
987 588 1188 658 cruciasset.

266 763 269 770 ,
302 685 349 756 Ει
375 711 436 782 pro
460 685 605 757 Rabirio
629 687 733 760 Perd.
761 715 797 758 n.
834 685 890 758 13.
915 685 962 756 T.
990 683 1192 755 Labienum

252 783 377 864 im’det
392 782 520 854 ironice
538 785 635 883 quod
654 785 859 888 popularem
879 811 915 855 se
937 810 1012 854 esse
1029 781 1190 852 dixisset.

254 881 431 982 Namque
442 879 523 957 bec
543 899 610 956 tua
618 934 633 968 ,
656 907 740 984 quse
751 900 788 954 te
801 879 1020 952 clementem
1024 878 1193 980 populn-

254 1000 409 1076 remque
431 975 652 1050 delectant?
665 983 692 1052 Ι
696 976 711 1066 '‚
727 977 859 1065 lictor,
872 977 1012 1077 colliga
1027 1003 1159 1047 manus
1172 1003 1191 1062 ,-

255 1099 340 1175 quse
350 1099 423 1146 nort
436 1073 547 1146 modo
559 1075 672 1175 liujus
681 1075 869 1166 libertatis
880 1071 1196 1146 mensuetudinis·

284 1196 331 1240 ue
346 1195 418 1244 riou
442 1188 531 1243 suut
539 1225 554 1258 ,
583 1173 658 1246 sed
675 1201 723 1246 ne
747 1171 901 1246 Romuli
924 1171 1102 1273 quidem,
1125 1185 1199 1248 aut

256 1197 392 1342 itum
407 1261 588 1370 Pompilii¹
600 1299 616 1357 ,·
631 1270 705 1344 sed
722 1271 920 1371 Tarquinii
937 1267 1197 1369 superbissimi

257 1383 374 1466 atque
394 1363 646 1440 crudelissimi
659 1371 790 1466 *Regis
812 1372 888 1440 ista
906 1379 993 1439 sunt
1004 1365 1199 1437 cruciatus

258 1467 429 1536 carmina
439 1493 455 1550 ,·
473 1487 557 1564 quoe
574 1481 616 1535 tu
636 1464 745 1536 bomo
764 1463 860 1536 lenis
881 1489 944 1536 ac.
987 1460 1140 1562 pulcris
1152 1458 1198 1529 li

259 1558 476 1632 beatissimi
487 1585 752 1634 commemoras
759 1590 776 1648 ,·
794 1577 939 1660 caputo
965 1557 1120 1641 mcbito,
1137 1582 1199 1628 ar-

260 1653 498 1752 boriiry‘elici
509 1649 738 1759 suspendito.
785 1661 791 1673 ’
828 1727 831 1734 ,
1161 1689 1166 1694 ·

269 1825 275 1838 ‚
307 1754 399 1824 Item
415 1751 494 1822 Cat.
515 1778 550 1824 2.
575 1781 612 1823 ιι.
627 1758 688 1844 nb.
704 1781 768 1852 pro
780 1752 861 1852 Lig,
877 1780 914 1822 ιι.
932 1779 965 1824 ι.
983 1751 1022 1822 in
1036 1750 1202 1824 Pisonem

259 1877 297 1921 n.
311 1851 371 1920 56.
386 1875 449 1949 pro
464 1849 543 1920 Mil.
560 1877 597 1920 n.
620 1877 677 1922 no.
862 1915 867 1926 .

248 1969 275 2038 ·,
309 1946 581 2020 Observandum
609 1965 731 2022 autem
753 1947 906 2020 ironiam
929 1944 1029 2018 facile
1051 1943 1201 2042 intelligi

259 2043 317 2117 vel
335 2071 378 2116 ex
401 2043 508 2114 modo
529 2071 600 2144 quo
617 2045 894 2144 pronunciatur,
917 2044 981 2144 qui
1004 2041 1201 2114 irrisionem

260 2157 360 2212 sonat
369 2192 381 2232 ‚
399 2139 456 2211 vel
468 2168 513 2212 ex
520 2148 668 2241 persone
683 2142 807 2216 autrei
818 2147 948 2214 neturd
958 2139 1076 2216 verbis
1091 2191 1102 2232 ‚
1120 2161 1202 2240 quae

259 2235 711 2338 proferuntur,contrarii.
1078 2239 1082 2249 “

381 2469 385 2476 .
488 2413 970 2502 ΕΧΕΒΟΙΤΑΤΙΟ.

262 2573 502 2674 Defimditur
521 2574 757 2650 Adolescens
788 2591 988 2648 accusabis
1015 2575 1055 2642 in
1078 2571 1202 2644 Areo-

270 2693 275 2700 ·
293 2699 403 2776 pago
411 2724 427 2788 3
444 2670 552 2773 qubd
564 2673 798 2750 Cotbumicis
809 2671 937 2746 oculos
949 2665 1158 2768 effirolisset.

482 2835 542 2896 Per
560 2799 696 2903 Ironiom
713 2851 745 2899 st
758 2833 979 2919 Hyperbolem.

554 2983 575 3042 s
597 2985 628 3042 Y
649 2983 681 3042 ιι
703 2983 730 3042 ο
752 2983 776 3042 ι
798 2957 857 3040 s'1
878 2977 912 3042 s.

264 3075 513 3191 Exonmuu
532 3142 564 3190 et
582 3125 766 3210 Propositio.
789 3129 883 3190 Dicet
901 3127 1021 3187 Irouice
1033 3139 1067 3184 et
1080 3125 1204 3207 Hyper-

266 3208 366 3268 bolice
386 3233 501 3272 novum
522 3214 635 3270 crimen
659 3210 781 3270 illatum
804 3211 898 3272 fuisse
923 3205 1121 3270 Adolescenti
1148 3209 1205 3288 qui

265 3305 444 3364 accusetur,
466 3291 551 3372 quod
570 3289 697 3352 aviculas
720 3290 824 3353 oculos
838 3289 1004 3352 effodisset.

307 3371 429 3432 Deinde
438 3372 593 3433 Ironiccm
610 3395 672 3456 prae
689 3395 720 3433 se
733 3373 808 3434 ieret
824 3371 1063 3434 sollicitudinem
1079 3409 1089 3446 ,
1105 3369 1206 3428 incer-

265 3469 316 3512 tus
326 3453 408 3515 unde
423 3468 541 3536 repetat
553 3453 763 3514 Adolescentis
776 3456 879 3514 miseri
894 3451 1120 3526 defensionem
1134 3471 1205 3507 nam

266 3539 381 3595 crimen
404 3551 506 3618 petet3
530 3540 598 3616 ipso
621 3534 756 3596 volucris
771 3538 955 3617 *equitatem
978 3534 1124 3594 Judicum
1145 3533 1206 3590 im·

266 3615 390 3696 plorat,
416 3632 473 3677 etcz
685 3619 689 3626 '
861 3643 864 3650 ·
1170 3638 1173 3653 ·

309 3697 357 3760 3⁰·
373 3697 532 3761 Retutabit
546 3698 666 3760 ironice
680 3697 764 3780 quod
779 3698 970 3760 sdversarius
988 3697 1128 3774 dixerat,
1142 3715 1208 3758 non
