2756 4414
308 231 383 323 ¹stae
474 214 533 284 ’-’
573 239 985 298 nns'ro‘nrtn

307 347 410 420 oesu's
423 359 608 416 servarunt
619 344 855 437 incolumem,
869 345 1024 417 eundem
1040 343 1254 420 servandum
1266 367 1269 374 ·
1283 429 1287 434 ,

308 471 380 516 non
393 442 535 542 putetis.
551 443 638 514 Haec
656 459 758 534 sunt,
770 443 951 536 Quirites,
972 469 1054 543 quae
1066 444 1252 543 disceptari

108 528 110 539 ¹
185 591 186 597 κ
307 541 478 614 hactenus
491 540 530 610 in
548 555 738 654 utramque
781 557 893 614 artem
909 545 1039 640 magna
1053 541 1253 612 annnorum

309 636 529 709 eontentione
552 637 723 710 audnstrs.
777 653 870 710 estat
892 654 933 710 ut
954 639 1189 712 decretorium
1212 638 1251 710 in

307 735 374 806 hac
392 737 496 806 causa
510 734 681 833 judicium
698 750 907 806 statuamus.
1207 735 1213 742 ’

355 835 432 932 Ego
453 835 544 926 certe
564 831 646 904 licet
661 831 856 904 admissum
872 832 917 904 ab
935 832 1084 904 Horatio
1101 831 1250 905 Ju'niore

305 929 440 1002 i'acinus
456 958 528 1002 non
557 929 769 1030 approbem,
796 929 1062 1032 intelligensque
1087 955 1251 1002 mearum

304 1055 381 1099 esse
390 1027 548 1141 partium
558 1055 688 1100 cavere
698 1026 907 1128 diligenter,
925 1053 971 1099 ne
991 1027 1130 1100 sceleris
1149 1025 1248 1125 ejus-

304 1127 401 1198 modi
415 1124 605 1237 impunitas
623 1125 813 1198 temeritati
828 1141 934 1224 atque
952 1125 1108 1197 audaciae
1125 1140 1250 1196 aucto*

302 1224 445 1294 ritatem
460 1239 647 1322 1mportet3
666 1239 786 1293 tamen
802 1223 889 1294 adeb
905 1222 1020 1293 multa
1034 1236 1248 1294 eonettrrunt

300 1319 340 1392 in
353 1319 417 1391 boo
430 1319 584 1420 judicio,
607 1347 687 1419 quae
705 1317 760 1392 vel
777 1335 913 1391 sontem
925 1319 1115 1393 videantur
1127 1318 1246 1390 absol·

302 1445 410 1506 vere,
435 1433 476 1488 ut
495 1416 610 1488 eidem
630 1416 765 1518 pariter
776 1413 966 1518 suffragari
976 1441 1049 1487 non
1068 1415 1243 1490 dubitem.

300 1516 491 1589 Enimuerb
518 1513 677 1587 excusari
701 1541 772 1586 non
800 1516 933 1615 possit,
964 1541 1030 1613 per
1055 1541 1113 1585 me
1137 1513 1218 1588 lieet
1230 1565 1243 1605 ,

299 1615 376 1714 ipsa
396 1612 488 1698 tanti
510 1611 647 1684 sceleris
664 1615 826 1686 atrocitas
839 1609 858 1706 ς’
876 1630 913 1685 at
937 1610 1159 1684 excusatione
1179 1637 1245 1710 pe-

297 1711 393 1782 nitus
404 1727 589 1800 nonlvacat
631 1713 781 1784 essentis
803 1711 963 1801 animus,
980 1709 1065 1810 qni,
1084 1706 1141 1782 vel
1154 1709 1243 1780 dum

298 1806 444 1881 excessit
459 1737 780 1910 uln'onisiegitimae
795 1826 832 1880 et
851 1809 908 1909 jus
927 1823 963 1879 et
976 1807 1144 1896 modum,
1161 1803 1242 1877 lau·

297 1905 409 1978 dabili
426 1906 581 1979 caritatis
627 1907 726 1979 atrise
741 1907 856 1978 studio
868 1906 963 1978 visus
982 1919 1036 1974 est
1053 1902 1239 1976 exarsisse.

296 2003 395 2077 Nam
414 2033 477 2076 cur
496 2022 571 2076 tam
614 2029 722 2092 urus,
746 2018 821 2072 tam
843 1999 1018 2091 crudelis,
1037 1999 1240 2072 taminhu-

295 2123 423 2175 manus
441 2101 609 2174 extitisset
621 2099 659 2167 in
676 2124 848 2190 sororem,
866 2097 934 2170 nisi
950 2097 1107 2170 Patriam
1123 2123 1240 2171 sorore

294 2197 373 2299 ipsa
400 2199 566 2272 cariorem
596 2192 792 2268 habuisset
824 2197 908 2270 Jam
930 2201 1016 2269 verb
1043 2218 1153 2297 quam
1179 2196 1260 2270 ille·

294 2300 437 2372 tandem
456 2292 511 2362 sui
529 2318 613 2394 erga
633 2320 694 2366 nos
714 2291 876 2367 beneficii
899 2295 1098 2367 mercedem
1119 2290 1211 2365 ferat
1222 2347 1236 2386 ,

294 2393 361 2466 nisi
405 2388 535 2462 ericulo
557 2390 680 2492 capitis
702 2391 903 2466 eximatur?
932 2390 1035 2464 Nibil
1058 2391 1236 2466 vindicata

240 2553 246 2570 ,
292 2515 384 2590 popu
445 2489 606 2560 Romano
632 2489 776 2562 libertas
797 2490 992 2566 liberatoris
1018 2490 1057 2558 in
1084 2487 1237 2587 gtatiam

274 2645 276 2650 .
291 2583 470 2659 exorabit?
487 2585 593 2656 Ilium
603 2589 780 2684 patiemur
791 2588 953 2678 interire,
968 2611 1032 2685 per
1044 2609 1153 2685 quem
1163 2611 1237 2656 ser·

203 2746 209 2760 .
288 2681 415 2754 visuris
429 2681 626 2780 perictrlum
644 2701 757 2756 morte
778 2687 856 2784 ipsd
916 2685 1015 2755 avius
1032 2681 1236 2754 evasimus?

289 2777 426 2851 Verum
440 2806 512 2852 non
528 2779 634 2852 unius
651 2779 790 2853 Horatii
806 2809 861 2853 res
874 2711 934 2852 iic
950 2781 1088 2893 agitur,
1106 2780 1233 2873 Quiri-

288 2891 366 2968 tes,
390 2877 508 2992 agitur
524 2903 629 2949 causa
639 2877 798 2980 publica,
817 2907 862 2950 ne
876 2895 950 2952 tam
962 2877 1131 2978 singulari
1146 2905 1235 2978 prae-

288 2973 378 3046 sidio
387 2975 507 3048 civitas
524 2991 644 3046 nostra
660 2977 884 3050 destituatur.
907 2976 1026 3047 Perire
1044 2992 1145 3048 tanta
1157 2977 1231 3048 vir·

287 3087 346 3144 tus
367 3071 690 3243 nonfiotestzoiuin
715 3102 796 3146 cum
817 3079 860 3150 aa
876 3073 1008 3175 pariter
1034 3074 1231 3146 maximum

210 3187 214 3194 '
288 3169 426 3269 imperii
478 3198 595 3242 ornam
635 3197 716 3244 ecus
733 3189 770 3244 et
788 3188 1034 3244 ornamentum
1051 3173 1230 3270 depereat.

287 3267 386 3346 Fecit
399 3268 578 3340 hodiernae
594 3269 749 3342 victoriae
760 3269 890 3372 gloria,
905 3286 947 3340 ut
958 3270 1015 3342 vel
1026 3295 1099 3340 una
1112 3269 1230 3340 Hora-

286 3365 329 3436 tii
359 3361 455 3438 fame
474 3365 563 3467 ⁴plus
599 3367 646 3438 ad
674 3385 844 3440 terrorem
872 3367 1023 3440 Romani
1052 3365 1227 3458 nominis,

287 3465 587 3564 qudm'ingentes
619 3466 727 3565 copiae
756 3465 908 3538 valitura
942 3465 1000 3536 sit.
1031 3463 1229 3536 Careamus

286 3558 416 3660 igitur,
437 3588 483 3632 ne
504 3561 604 3632 nobis
626 3563 848 3634 invideamus
865 3563 932 3662 ipsi
956 3561 1088 3632 bonum
1101 3559 1226 3654 illud,

286 3656 538 3755 quofruimur3
552 3685 597 3729 ne
604 3659 796 3732 retinentes
809 3659 888 3772 plus
897 3685 998 3760 aequo
1009 3675 1230 3758 praeposterae
1271 3653 1277 3666 ’

286 3755 483 3830 severitatis
506 3754 757 3832 subtrahamus
786 3755 944 3832 tumulos
968 3757 1138 3832 Romanae
1161 3757 1228 3829 Ju-
