2756 4414
245 321 247 329 y
344 247 518 297 crasa
566 232 874 298 sacurbus.
1006 234 1081 330 ²l¹9

1 369 2 404 2
78 385 83 408 ·
186 346 392 461 Equidem,
409 347 439 418 si
460 362 637 446 spectetur
654 346 733 446 ipsa
750 361 825 418 tam
844 348 1008 424 inusitati
1024 347 1081 423 fa·

135 445 265 530 ainosis
281 448 467 538 atrocitas,
488 446 581 517 dicta
596 471 707 540 ¹caiisa
724 461 799 537 est;
816 445 974 518 bumana
986 448 1080 520 divi·

137 570 257 644 traque
271 542 354 643 jura
370 543 592 641 conspirant,
608 540 649 617 ul
669 543 703 620 is
718 541 863 616 tollatur
879 545 923 616 de
944 545 1081 639 medio,

139 669 248 741 quem
257 641 356 712 nulla
368 641 506 752 Legum
518 641 737 730 reverentia,
755 641 855 712 nulla
866 659 1003 714 naturae
1014 645 1087 730 vis,-

138 739 239 810 nulla
270 739 449 839 sanguinis
476 738 675 812 communio
698 739 846 812 retinuit
858 792 870 832 ,
897 741 1086 841 quominus

138 835 342 916 inauditum
381 835 550 908 bactensis
583 837 812 949 parricidium
851 853 1083 937 perpetraret.

139 933 243 1006 Insur
267 935 487 1006 'tauctoritas
499 935 641 1035 publica
650 935 829 1033 privatum
840 929 1085 1027 inhominem,

139 1031 205 1144 qui
233 961 381 1107 discere·
406 1034 609 1108 Romanum
634 1034 841 1133 sanguinem
852 1085 864 1126 ,
897 1035 999 1134 quasi
1024 1061 1088 1132 pro

140 1157 220 1229 jure
234 1159 318 1222 suo,
335 1131 567 1229 praesumpsit.
585 1131 1088 1230 Deniquepostularevidetur

139 1227 275 1300 &vobis
300 1229 504 1300 communis
517 1227 690 1306 bonorum
714 1229 873 1304 omnium
894 1231 1087 1320 securitas,

140 1351 185 1396 ne
200 1325 335 1404 recludi
346 1353 387 1396 eo
403 1323 495 1398 facto
510 1326 556 1398 ad
572 1327 704 1400 caedem
720 1344 828 1427 atque
838 1327 1090 1427 impunitatem

140 1422 240 1500 viam
254 1423 444 1520 patiamur.
992 1505 994 1509 ¹

192 1521 328 1598 Verum
341 1521 370 1590 si
389 1537 505 1592 'cenas
521 1520 588 1592 luit
600 1520 779 1620 parricidii
788 1547 871 1594 reus
882 1519 1004 1594 infelix
1016 1522 1091 1593 Hc·-

143 1619 282 1708 ratius,
303 1618 335 1690 si·
348 1547 438 1696 nibil
467 1618 511 1690 de
532 1619 634 1690 solita
656 1619 795 1720 Legum
820 1621 1007 1692 severitate
1029 1647 1091 1692 re·

143 1714 357 1806 mittendum
386 1715 519 1819 putatis
530 1727 537 1794 γ’
547 1715 654 1790 illius.
676 1717 714 1791 in
745 1717 921 1818 gratiam,
953 1721 1024 1817 qud
1054 1745 1092 1789 se

143 1813 278 1884 ratione
304 1815 437 1914 accepti
468 1812 629 1888 beneficii
657 1823 795 1914 gratam
829 1843 869 1887 ac
898 1833 1093 1887 memorem
1178 1873 1180 1878 .

143 1910 262 1985 Roma
272 1909 480 1992 exhibebit?
496 1939 566 2012 quo
587 1911 758 1986 rictorem
775 1913 919 2014 praemio
940 1910 1091 1986 allisisti

144 2011 217 2108 qud
240 2009 416 2086 vindicem
448 2009 569 2082 salutis
608 2033 647 2082 uc
677 2010 851 2083 libertatis
882 2029 1093 2083 assertorem

145 2107 306 2182 mercede
334 2106 597 2182 remunerabit?
623 2108 754 2184 Gemet
776 2109 949 2182 Horatius
970 2110 1030 2210 pla
1053 2135 1098 2179 as·
1185 2163 1192 2172 .

127 2203 237 2275 ‘inter
254 2230 296 2274 ac
324 2205 472 2279 verbera
483 2257 497 2291 ,
527 2207 612 2282 (blm
638 2207 753 2278 Roma
783 2207 892 2304 ipsius
923 2135 1093 2279 benefificio

146 2300 324 2376 servitutis
346 2316 445 2372 metu
456 2300 569 2374 libera
582 2301 649 2372 sibi
666 2303 803 2400 plaudit
821 2331 860 2375 ac
874 2301 1094 2400 triumphati

147 2401 303 2474 Mortem
319 2414 471 2498 oppetat
492 2398 552 2472 ille
575 2397 744 2476 carnificis
767 2427 897 2490 manu,
926 2401 1012 2474 ditm
1032 2399 1095 2470 illa

146 2515 285 2598 partam
311 2495 471 2596 ejusdem
489 2496 633 2580 victorid
657 2497 807 2568 salutem
825 2514 862 2568 at
887 2525 933 2568 ue
956 2497 1094 2568 insolu-

147 2595 308 2670 mitatem
331 2593 400 2668 sibi
419 2591 641 2694 gratulaturi
662 2595 810 2666 Interim
829 2525 953 2666 inlelix
971 2612 1094 2692 pater,

152 2693 215 2793 qui
235 2694 306 2766 suis
329 2693 365 2764 in
386 2691 451 2764 boc
475 2693 666 2793 imperium
689 2692 824 2766 meritis
835 2743 848 2784 ,
879 2709 916 2764 et
940 2698 1097 2792 spectata

149 2791 188 2861 in
215 2791 367 2890 patriam
391 2791 536 2862 caritate
569 2790 627 2864 vix
661 2790 909 2863 aemulandum·
931 2816 1096 2891 unquam

149 2887 296 2986 posteris
317 2888 518 2985 exempltun
536 2889 660 2980 dedit,
675 2887 898 2985 superstitem
914 2915 1028 2959 unrun
1050 2888 1096 2958 de

152 3002 209 3058 tot·
224 2984 343 3056 liberis
365 3003 522 3058 extremo
540 2983 630 3058 allici
650 3013 691 3057 su
740 2985 818 3055 licio
835 2986 1041 3085 conspiciet,
1059 3002 1098 3055 et

151 3111 222 3168 uno
239 3109 313 3155 sese
339 3081 398 3152 die
422 3109 644 3184 quocumque
669 3012 807 3156 alllctae
828 3085 950 3156 domds
976 3082 1097 3152 solatio

150 3181 361 3256 destitutum
377 3181 630 3281 conqueretur?
652 3183 872 3282 Quanquam
883 3179 971 3250 nihil
985 3180 1094 3270 dolet,

154 3297 216 3352 aut
241 3279 416 3352 desiderat
431 3305 517 3378 quos
534 3295 651 3351 vestra
669 3279 761 3350 salus
780 3277 846 3348 sibi
864 3277 1022 3350 victimas
1038 3278 1098 3348 de·

114 3461 117 3470 Ι
153 3377 331 3478 poposclts
351 3375 442 3448 hanc
456 3375 570 3474 ipsam
584 3373 694 3446 filiam
710 3373 827 3445 fratris
881 3373 960 3448 'dio
974 3371 1096 3446 subla-

155 3491 230 3546 tam
248 3503 320 3550 non
337 3501 375 3544 rc
401 3474 509 3564 uirit,
533 3499 613 3574 quae
629 3473 674 3545 de
691 3476 807 3547 vestra
827 3463 1029 3573 goribsisa
1044 3487 1099 3545 est

67 3655 77 3672 ἦ
156 3571 356 3674 pluresque
377 3502 540 3645 doluisse.
564 3571 641 3643 Hoc
658 3567 783 3643 saltem
795 3598 866 3642 non
881 3569 972 3643 feret
984 3569 1095 3641 berte-

156 3668 317 3744 volentiae
326 3671 421 3742 illiu's
434 3695 507 3742 suae
520 3687 627 3771 atquc
638 3670 791 3742 caritatis
804 3667 1096 3760 emolumentum,

158 3785 199 3841 ut
219 3765 408 3868 quemfata
424 3785 476 3841 tot
492 3769 585 3845 inter
597 3796 637 3842 ac
648 3769 762 3845 varios
774 3767 939 3866 ancipitis
948 3765 1098 3842 furuisse

755 3866 906 3942 (Dda
