2668 4414
296 187 366 239 11¹2
543 189 973 244 ,atterentem

293 289 459 380 tissimis,
484 289 663 360 dubitasse
688 317 745 362 me
775 291 837 364 ditl
867 291 1114 392 multumque,
1145 289 1234 395 quid
1306 373 1311 380 ,

292 383 333 457 in'
353 386 408 458 his
429 413 549 458 rerum
570 387 738 486 angustiis
761 389 1002 488 praestandum
1025 391 1231 488 expedirett
1313 427 1322 444 ·

135 497 270 547 nubtura.
293 510 339 554 an
366 484 488 583 capitis
512 510 655 555 causam
685 485 841 556 dicttnus
858 463 1115 584 'amplissimum
1135 488 1233 562 huno

289 609 491 662 consessum
506 579 543 652 in
587 581 710 653 ederer
725 609 808 673 ,an
820 583 953 654 indicta
971 587 1076 656 causti
1092 585 1137 658 ad
1149 587 1232 660 des-

281 678 444 751 tinatum
469 609 636 778 suppfiicio
663 679 778 750 locum
793 677 1032 780 properarem.

340 773 583 868 Quamobrem
591 803 703 875 pauca
741 803 780 846 ro
796 805 853 848 me
867 777 915 848 sic
925 771 1067 878 loquar,
1087 796 1128 856 ut
1139 807 1232 853 com·

288 873 403 945 missae
422 870 524 944 modd
544 899 672 973 pugnae
701 805 928 946 ollensmnem
951 875 1167 974 quamlibet,
1194 895 1232 950 et

289 971 474 1043 detrectasti
496 971 642 1070 Imperii
674 971 907 1070 suspicionem
933 997 1138 1066 amoveam,
1154 1003 1231 1048 -non

288 1085 329 1138 ut
345 1069 453 1140 latam
471 1067 509 1138 in
526 1095 583 1138 me
610 1069 730 1139 mortis
748 1068 957 1140 sententiam
977 1069 1099 1144 videar
1118 1072 1228 1144 decli-

286 1176 385 1237 nare.
400 1165 501 1236 Felix
512 1165 569 1236 vel
579 1165 645 1237 hac
664 1181 754 1246 sorte
768 1164 1037 1267 fortunatusque
1050 1168 1227 1261 nimium,

287 1262 347 1353 si,
374 1264 461 1334 dum
483 1261 644 1333 interibit
673 1257 825 1375 corpus,
855 1263 952 1336 lama
974 1265 1124 1338 nominis
1156 1269 1231 1344 mei

285 1359 424 1459 integra
448 1375 485 1428 et
501 1359 684 1434 incolumis
705 1377 803 1434 vivat
817 1361 830 1442 l¹
942 1377 948 1388 '

336 1457 421 1548 Qud
444 1455 482 1526 in
504 1459 544 1527 ‘re
559 1472 716 1528 vestrum
743 1455 939 1554 judicium,
970 1461 1088 1532 vestra
1106 1461 1228 1536 existi-

286 1555 393 1624 matio
407 1551 475 1644 sit,
497 1553 770 1651 sapientissimi,
797 1572 970 1655 quotquot
988 1556 1045 1630 htc
1074 1560 1225 1654 adestis,
1269 1629 1277 1636 .

286 1652 456 1722 exercitlls
467 1650 621 1722 Romani
631 1653 1110 1727 Ductores.Vestraminhao
1122 1663 1228 1732 causa

283 1745 391 1820 fidem
403 1747 566 1848 appell03
585 1749 711 1848 quida
735 1749 868 1822 endum
887 1751 1143 1856 vobismetipsis
1157 1783 1227 1854 pu·

284 1845 443 1940 tassetis,
463 1847 492 1916 si
515 1845 641 1917 eadem
663 1777 786 1936 vobis,
809 1873 889 1960 quae
904 1846 1017 1940 mihi,
1040 1866 1224 1952 tempora,

287 1943 413 2014 eadem
440 1941 492 2014 rei
511 1945 653 2015 strenue
676 1971 715 2015 ac
734 1943 883 2018 feliciter
908 1947 1071 2045 gerendae
1092 1951 1227 2030 ,occasio

285 2039 477 2113 incidisset.
500 2039 639 2141 Fingite
656 2069 717 2113 vos
736 2041 774 2112 in
800 2041 843 2114 iis
865 2042 993 2142 positos
1012 2039 1119 2118 fuisse
1131 2074 1226 2145 prae-

159 2197 220 2228 mffl„
256 2185 274 2229 t·
288 2138 381 2210 sidiis
400 2191 413 2231 ,
435 2165 515 2240 quae
537 2137 682 2218 Volscus
704 2135 848 2212 inferior
864 2168 1011 2212 numero
1029 2169 1069 2214 ac
1092 2143 1225 2219 virtute

109 2261 123 2290 ι
136 2247 166 2290 '⁰·
280 2252 488 2338 provocaret
510 2237 556 2308 ad
575 2233 757 2349 pugnam,
781 2237 967 2310 lacesseret
989 2239 1164 2338 impune,
1188 2260 1228 2316 et
1281 2308 1283 2316 .

241 2343 246 2352 '
286 2334 420 2408 emissis
440 2334 546 2406 ctiam
572 2335 649 2408 telrs
679 2335 870 2434 procaciter
893 2335 1079 2408 insultaret
1103 2365 1113 2407 ε
1138 2340 1227 2414 duni

278 2433 466 2506 'Romanus
477 2431 577 2532 miles
591 2431 710 2532 probri
723 2429 909 2532 impatiens
928 2429 1094 2505 fremeret
1103 2463 1115 2527 3
1137 2437 1227 2510 dum

283 2531 433 2602 coerceri
456 2559 579 2698 seper
606 2557 786 2601 summum
816 2525 936 2620 nefas,
963 2543 1004 2601 et'
1022 2530 1087 2602 sibi
1112 2533 1224 2606 victo-

282 2629 372 2698 riam
393 2628 479 2726 eripi
528 2655 547 2698 e
568 2626 730 2740 mapnibus
748 2643 977 2728 quereretur,
999 2627 1085 2700 dum
1102 2623 1223 2728 Impe-

263 2741 435 2800 tratorem
457 2725 573 2826 ipsum
597 2724 731 2797 timoris
755 2741 862 2826 atque
893 2724 1041 2826 ignaviae
1066 2732 1223 2800 tantbm·

282 2836 353 2894 non
374 2839 550 2922 argueret.
990 2883 994 2896 .
1101 2862 1104 2878 ·

280 2953 284 2959 ·
330 2919 486 3022 Tuque,
517 2925 538 2991 b
561 2922 721 2994 Dictator
742 2919 1034 3021 prudentissime,
1054 2921 1223 3022 idemqbe

282 3017 370 3090 mihi
404 3019 547 3091 colende
569 3017 727 3119 inprimis
747 3045 874 3118 parens
890 3069 900 3109 ,
915 3046 1006 3090 *nam
1024 3017 1220 3120 liceatpro-

281 3141 405 3187 vocare
433 3117 478 3187 ad
500 3116 651 3216 teipsum
662 3145 674 3208 ς
725 3117 796 3187 uod
814 3133 855 3188 tu
874 3115 946 3188 titio
961 3117 999 3188 in
1018 3115 1223 3215 hujusmodi

165 3279 166 3284 ,
280 3239 402 3284 rerum
432 3214 604 3313 adjunctis
627 3143 807 3285 consilium
833 3214 1021 3286 dedisses}
1052 3213 1137 3314 quid
1165 3211 1222 3287 fe·

279 3309 383 3380 cisses
406 3311 480 3410 ipse
499 3309 514 3381 l·
536 3339 582 3382 an
599 3310 723 3384 baberi
740 3311 893 3385 ludibrio
913 3315 1087 3384 Romanos
1104 3313 1220 3412 Equi·

281 3421 334 3479 tes
344 3408 557 3508 permisisses
572 3410 587 3480 i
604 3437 650 3481 au
665 3411 876 3482 irruentium
893 3409 1098 3483 Volscorum
1109 3409 1221 3507 agini-

280 3505 391 3577 nibus'
419 3507 571 3606 turpiter
605 3506 794 3576 cessisses?
818 3532 864 3576 an
922 3523 1036 3576 artem
1066 3506 1220 3578 Romani

187 3653 194 3688 ·.
282 3604 451 3676 exercitlls
482 3602 733 3689 nobilissimam
765 3603 876 3675 everti
944 3593 1087 3694 ndittls,
1120 3631 1219 3674 mac..

282 3696 439 3792 turituis
461 3700 498 3774 in
514 3699 619 3774 ocutis
632 3724 679 3772 ‘ac
704 3700 878 3782 trucidari·
888 3705 1012 3804 passus
1036 3699 1153 3774 essesl
1172 3728 1217 3774 an

442 3873 452 3939 l
