2766 4412
347 108 874 216 tr‘srisnruns.
1007 135 1081 246 332

371 325 705 374 ARTIGULUS
754 325 850 372 111.

203 463 272 546 De
297 466 686 646 Amfiiombctauda
697 471 1014 549 Ratiocinationis
1081 559 1086 568 ,

550 588 710 643 mtonoe.

197 737 249 808 1⁰.
276 730 551 810 DebetOrator
571 730 775 830 attendere,
805 737 893 840 quid
913 737 981 810 sibi
1003 767 1082 840 pro-

141 827 301 906 bandum
323 834 517 906 incumbat.
550 837 605 906 2⁰.
645 837 813 908 Rationes
841 859 997 938 quaerere
1036 839 1083 911 ad

138 931 180 1002 id
201 931 420 1031 probandum
437 931 593 1004 idoneas.
615 931 671 1004 3⁰.
691 933 861 1006 Rationes
881 933 959 1006 illas
979 961 1083 1006 revo-

142 1055 221 1101 care
237 1030 283 1102 ad
303 1032 565 1130 Argumentum
579 1029 875 1129 Philosophicum.
894 1033 950 1122 4⁰.
965 1034 1083 1132 Argu·

141 1144 299 1198 mentum
325 1144 473 1198 tractare
497 1127 661 1199 Oratorio
679 1129 795 1198 modo.

190 1225 244 1294 Sit
259 1225 319 1295 illa
341 1224 515 1296 sententia
535 1251 599 1320 per
613 1226 930 1297 Ratiocinationem
945 1227 1082 1300 Rheto-

139 1321 249 1392 ricam
268 1319 534 1420 pertractanda:
560 1321 599 1394 V
594 1325 667 1394 itoe.
695 1319 814 1393 irims
831 1325 1001 1422 inprimis
1017 1352 1084 1397 co·
1131 1339 1137 1350 ‘
1231 1317 1235 1330 ¹

140 1417 257 1489 leardo
281 1435 365 1503 est,
389 1419 564 1515 omnique
585 1349 711 1488 smnio
735 1417 947 1490 renuenda.
971 1423 1083 1511 Quae-
1153 1464 1163 1488 ν.

140 1516 251 1586 renda
277 1513 344 1586 erit
365 1511 645 1611 primilunio,
664 1539 745 1614 quae
766 1516 975 1613 persuadere
993 1516 1085 1592 illud

137 1609 249 1712 possit
266 1635 309 1682 ex
325 1609 427 1680 Locis
443 1609 633 1702 oratoriis,
652 1637 689 1683 v.
705 1637 740 1710 g.
754 1609 960 1684 haec'affem‘
994 1627 1084 1686 otest

139 1737 186 1780 ex
210 1709 302 1780 Loco
318 1707 516 1798 communi,
538 1734 646 1806 quem
666 1708 920 1807 appellavimus
943 1640 993 1782 ai
1010 1713 1082 1810 Es

126 1807 251 1904 fictis
259 1859 274 1894 ,
296 1801 381 1906 'quae
400 1803 483 1877 vitae
502 1803 635 1902 puritas
658 1805 888 1878 arctissimam
905 1831 985 1878 cum
1003 1809 1084 1884 Deo

140 1903 299 1988 conciliat
322 1901 525 1974 amicitiam.
557 1899 665 1972 Unda
694 1920 838 1976 eruetur
860 1901 935 1974 haec
959 1905 1014 1976 Ar
1063 1949 1080 1964 -

139 1995 310 2072 mentatio
345 2027 441 2072 more
470 1991 741 2098 Philosoplrico:
771 1998 968 2074 Colendum
993 2003 1083 2076 ilud

140 2114 195 2170 est
215 2097 377 2198 omnique
398 2096 511 2168 studio
532 2095 783 2189 retinendum,
807 2098 903 2198 quod
927 2099 1082 2172 arctissi-

141 2219 240 2265 mum
258 2209 311 2265 est
329 2219 410 2264 cum
426 2195 505 2264 Deo
519 2191 680 2264 amicitiae
695 2194 876 2266 vinculum
890 2223 901 2286 3
923 2197 985 2268 sed
1000 2197 1084 2272 vitae

139 2292 274 2390 puritas
301 2289 533 2362 arctissimum
556 2305 609 2362 est
629 2313 711 2363 cum
728 2293 807 2364 Deo
823 2293 986 2376 amicitiae
1000 2297 1081 2366 vin-

37 2389 43 2398 ’
139 2389 278 2480 cirlun13
300 2387 465 2501 igiturea
480 2404 534 2460 est
547 2383 756 2490 magnopere
781 2389 947 2482 colenda,
972 2391 1083 2464 omni·-

140 2513 210 2586 que
228 2488 343 2558 studio
367 2485 564 2574 retinenda.

188 2584 327 2656 Deinde
357 2585 712 2686 Argumentationem
742 2582 840 2657 illam
872 2583 923 2657 ita
953 2588 1082 2685 poterit

138 2683 269 2774 Orator
303 2681 449 2754 dilatare
482 2699 518 2754 et
544 2682 582 2752 in
609 2683 695 2784 quin
721 2711 766 2755 ue
792 2683 1081 2758 Ratiocinatianis

164 2793 255 2848 artes
268 2777 315 2847 sic
327 2763 550 2876 distribueri.
575 2783 625 2852 1⁰.
644 2783 700 2854 Ut
758 2781 901 2880 opositio
919 2783 964 2852 sit
980 2781 1089 2874 11aess

137 2803 283 2950 bisina
302 2879 473 2961 amicitia
490 2882 590 2972 omni
604 2877 731 2952 studio
747 2871 908 2950 colenda
924 2905 973 2950 ac
987 2883 1078 2952 reti·

139 2971 278 3045 nenda.
295 2971 349 3042 2⁰.
362 2973 414 3042 Ut
425 2971 654 3072 Propositioni
668 2973 873 3074 subjiciatur
888 2973 956 3048 ista
967 2975 1079 3066 ratio,

138 3097 221 3171 quae
238 3067 315 3168 ejus
332 3067 494 3141 Probatio
517 3073 562 3142 sit
568 3101 580 3163 3
605 3074 709 3168 Quia
728 3073 856 3150 &Deo
872 3076 998 3144 omnia
1011 3073 1079 3144 bo·

138 3195 268 3240 norum
274 3192 419 3278 genem
437 3166 663 3243 derivantur.
680 3167 736 3239 3⁰.
752 3169 806 3238 Ut
825 3185 993 3268 sequatur
1005 3167 1079 3241 haec

139 3269 334 3338 Assumuo.
364 3267 423 3337 At
443 3269 533 3337 vitoe
593 3269 712 3336 uritas
740 3263 876 3337 divinae
901 3269 1080 3340 amicitia

140 3363 333 3436 vinculum
361 3357 432 3436 est.
462 3364 519 3452 ⁸4⁰.
577 3379 589 3432 t
619 3357 788 3432 afferatur
816 3359 978 3434 Probatio
1005 3367 1080 3436 As·

3 3469 4 3472 ’
123 3455 352 3550 curationis,
398 3461 467 3530 ista
501 3459 683 3531 nimirum
730 3450 833 3555 Quia
869 3457 1079 3534 similitudo

139 3560 347 3628 amicitiam
357 3563 471 3660 parit
480 3609 495 3644 ‚
513 3559 673 3660 curaque
699 3557 811 3632 Deus
829 3559 882 3632 sit
902 3562 987 3660 insa
1002 3587 1079 3646 prr·

140 3659 259 3826 rita?
277 3682 349 3726 non
399 3674 499 3732 otest
519 3682 585 3730 eos
606 3681 680 3731 non
707 3652 870 3758 diligere
873 3707 910 3826 ἦ
919 3659 986 3758 qui
1004 3655 1079 3732 Illic

252 3777 324 3825 om.
369 3806 378 3825 .
