2710 4418
338 167 544 216 ιιιιι
592 165 865 215 tutuno
1004 153 1078 226 fflr

309 303 313 310 ¹
371 335 826 385 ιιιιοσισειιι

436 482 504 554 De
523 481 795 558 Primatum·
824 497 828 508 '

181 644 366 729 Privantia
381 658 464 716 sunt
490 671 533 717 ea
583 671 639 718 11ae
663 661 887 747 opponuntur
907 649 997 722 sicut
1012 651 1080 723 ha-

130 743 229 818 bitus
246 759 284 816 et
294 742 377 841 ejus,
382 741 545 855 privatio.
556 673 612 815 ita
626 769 663 816 se
674 743 810 836 habent¹
824 741 899 816 vita
914 764 950 820 et
965 777 1080 838 mors,

131 843 231 914 visus
255 857 293 912 et
311 855 446 912 caec1tas
455 891 467 932 ‚
482 839 545 912 lux
561 857 598 914 et
615 840 784 914 tenebrae.
800 843 898 914 Mors
920 845 1015 918 enim
1028 863 1082 919 est

133 937 288 1040 privatio
305 937 411 1028 vite,
435 938 568 1011 caecitas
587 938 705 1030 visos,
720 937 877 1026 tenebre
894 939 993 1014 lucis.

185 1035 523 1108 Nontamdilatatur
532 1035 1083 1136 plerumquehiclocusitCicero-

133 1161 204 1225 ne,
224 1135 333 1235 que-m
347 1149 495 1233 urgetur
509 1134 681 1234 pressius,
704 1151 742 1206 et
806 1137 980 1208 rmodum'
999 1165 1083 1210 sen·

133 1231 278 1304 tentiosi
309 1229 494 1328 cujusdam
530 1227 728 1304 axiomatis.
760 1159 815 1303 ᾗ
853 1260 916 1332 pro
948 1235 1085 1307 Milone

133 1353 175 1402 ιι.
211 1355 271 1428 79.
298 1345 547 1428 argumentum
577 1330 704 1429 petite
729 1329 966 1404 Privantibus.
987 1335 1087 1433 Ejus

135 1429 258 1528 igitur
285 1429 414 1500 mortis
446 1423 589 1498 sedetis
614 1427 755 1500 ultores
764 1480 781 1513 ,
821 1430 931 1526 cujus
963 1434 1085 1502 vitam

134 1529 173 1598 si
178 1528 328 1626 putetis
328 1550 409 1624 per
418 1549 487 1598 vos
501 1527 651 1598 restitui
658 1539 799 1624 posse,
817 1525 968 1615 nolitis3
982 1546 1024 1598 et
1033 1527 1085 1600 de

135 1625 223 1721 ejus
233 1649 328 1698 nece
341 1623 422 1694 lata
436 1627 593 1723 questio
608 1641 691 1714 est,
705 1625 773 1724 qui
786 1625 821 1694 si
832 1622 977 1695 eddem'
999 1623 1085 1724 lege

136 1723 355 1794 teviviscete
364 1737 521 1820 posset,
544 1717 626 1794 lata
649 1717 718 1791 lex
749 1747 939 1820 nunquam
968 1740 1081 1794 esset.

187 1819 235 1889 Et
250 1817 454 1890 Catilinaria
474 1843 507 1888 1.
526 1845 563 1889 n.
586 1843 645 1890 ιο.
673 1817 785 1913 Quid
791 1835 869 1903 est,
892 1817 1086 1892 Catilina?

137 1943 185 1988 ec
211 1917 284 1988 uid
291 1914 458 1990 attendis
472 1918 491 1988 ἵ
506 1915 652 2018 ecquid
666 1913 936 1988 aninmdvercis
958 1943 1087 1988 eorum

137 1943 329 2088 silentium
340 2017 358 2086 ‚2
365 2017 583 2115 patiuntur,
598 2031 737 2086 tacent.
759 2011 870 2109 Quid
880 2033 1086 2114 exspectas

138 2117 379 2184 autoritatem
403 2111 657 2212 loquentium,
678 2137 834 2213 quorum
852 2111 1086 2186 voluntatem

137 2213 337 2286 tac'icomm
385 2211 573 2311 erspicis?
968 2237 979 2254 ·

189 2309 237 2379 Et
250 2337 313 2406 pro
330 2239 500 2380 ifaroello
515 2309 551 2378 n‘.
572 2305 633 2378 23.
652 2308 842 2408 Equidem
869 2309 920 2378 de
941 2326 979 2379 te
1000 2307 1087 2379 dies

136 2425 342 2509 noctesque
355 2459 371 2492 ,
399 2424 443 2478 ut
470 2405 618 2495 debeo,
644 2408 816 2504 cogitans
844 2431 956 2477 casus
987 2404 1085 2476 dun·

140 2523 260 2576 mat
274 2505 459 2578 humanos
476 2521 517 2576 et
539 2507 700 2576 incertos
718 2520 870 2578 eventus
895 2502 1087 2576 valetudi-

139 2605 201 2674 nis
208 2653 223 2688 ‚
240 2621 281 2676 et
301 2621 443 2674 natune
464 2597 937 2701 commuuisfragilitetem
960 2604 1085 2674 exsti-

140 2727 267 2773 mesco
277 2727 292 2786 ι
322 2699 509 2800 doleoque
518 2751 533 2784 ,
559 2700 645 2772 ctam
669 2698 907 2801 Respublica
935 2702 1086 2770 immor-

137 2795 234 2870 ·talis
243 2825 327 2870 esse
340 2795 502 2883 debeat,
514 2822 600 2868 eam
613 2801 653 2868 ia
662 2825 772 2870 umus
780 2795 1092 2877 monalisanimd
1202 2855 1206 2870 .

141 2900 362 2968 consistete.

191 2993 283 3066 Item
299 3021 362 3092 pro
374 2993 487 3070 Coelio
504 3017 540 3064 n.
560 2991 623 3064 33.
638 2996 798 3070 Existat
813 2998 933 3093 igitur
945 3019 1000 3066 eo:
1012 2991 1093 3063 iste
1161 3019 1164 3028 ¹

127 3090 299 3208 familiai
322 3090 483 3193 aliquis,
507 3118 556 3162 ac
571 3095 812 3192 potissimum
835 3117 958 3162 coeeus
989 3085 1058 3160 ille
1068 3117 1086 3176 ,⁰
1140 3141 1170 3180 ·.

14 3235 19 3244 ·
142 3217 338 3262 maumam
374 3193 473 3260 euim
499 3187 666 3264 dolorem
697 3193 852 3290 capiet,
879 3191 947 3287 qui
975 3190 1089 3260 istam

142 3313 218 3360 stou
240 3287 402 3362 videbit.

193 3385 379 3458 Interdum
398 3403 518 3458 tamen
537 3385 643 3464 latius
669 3379 874 3486 amplificari
900 3401 1013 3482 potest
1032 3383 1091 3454 hio

145 3483 260 3553 Locus
272 3500 309 3555 et
319 3483 436 3556 ornari
449 3483 619 3556 vemetate
635 3479 851 3584 figurarum,
865 3498 905 3552 ut
922 3480 1089 3551 Oratione

148 3603 211 3675 pro
228 3580 337 3653 Coelio
353 3611 393 3654 ιι.
411 3608 470 3656 12.
491 3609 599 3682 quem
610 3578 683 3678 jam
696 3579 919 3653 laudavimus
935 3579 973 3648 in
988 3575 1091 3649 Arti-
