2768 4410
306 167 385 278 304
574 209 602 260 n
626 215 655 276 n
679 214 702 263 n
726 215 751 262 r
775 214 802 264 o
827 217 855 262 sc
878 217 897 262 1
918 211 940 261 c
960 207 995 262 n

343 305 521 373 concludet
549 311 681 378 dicendo
701 313 784 373 nihil
815 333 880 372 esse
904 309 986 392 quod
1005 307 1190 396 Rs'xpsrtinsra
1276 324 1280 335 '

301 385 434 453 senium
450 385 568 456 lrabeat
585 395 623 458 ab
640 417 744 457 eorum
763 393 934 452 testimonio
951 391 1006 471 qui
1026 395 1138 459 'urentem
1150 415 1191 462 tu-

302 473 440 537 dietant.
463 477 658 538 Laudaturos
687 474 758 535 illos
802 476 883 532 orias
906 469 1002 554 Regis
1024 415 1194 544 lrunsn'ctsten
1299 501 1303 560 t

304 571 401 642 atque
425 557 641 636 clementiam,
661 559 716 637 qui
739 496 849 614 scelere
868 573 932 612 non
956 551 1198 644 perfectosque
1302 567 1305 600 *

305 645 375 702 ¹sine
392 642 508 704 scelere
519 648 621 726 jurare
640 659 704 698 non
721 645 872 716 potuerat.
1303 611 1313 780 N

602 820 917 878 Δοιιιτιοι
1251 785 1319 880 ¹l

306 1045 310 1054 .
359 987 407 1057 Et
421 981 539 1054 fiscum
559 973 662 1048 faciet
672 965 857 1074 praestigiis
874 969 1069 1052 etiamnum
1081 973 1137 1052 suis
1150 1011 1214 1082 pro-
1313 992 1330 1094 'p

309 1108 372 1154 ω
404 1095 510 1175 atque
538 1071 724 1186 impudens
753 1071 903 1164 Puella3
934 1090 971 1145 et
983 1123 995 1165 ‚
1025 1079 1111 1175 quod
1138 1085 1216 1179 apud
1325 1119 1333 1171 ,¹

308 1179 422 1273 Reges
448 1171 705 1244 sanctisssmum
727 1185 808 1260 est,
839 1165 925 1243 fidei
958 1187 1066 1272 atque
1088 1165 1218 1278 lurisju-
1335 1197 1339 1266 t

307 1271 410 1360 randi
429 1296 584 1357 nomen,
609 1293 676 1357 eo,
701 1293 765 1364 per
781 1294 960 1338 summum
976 1266 1094 1362 nefas,
1109 1273 1152 1364 ¹ad
1167 1303 1221 1348 ex.
1337 1271 1344 1364 ζ

309 1368 538 1468 torquendam
559 1389 634 1434 rem
650 1361 909 1463 iniquissimam
927 1362 1112 1438 abuteturl
1343 1389 1352 1524 p

305 1537 311 1549 ,
358 1469 455 1538 Itane
483 1467 593 1552 vert,
625 1461 749 1534 Prince
775 1489 790 1532 s
821 1459 1073 1556 invictissime,
1108 1459 1226 1563 pondos
1352 1541 1354 1564 a

355 1564 402 1634 nd
425 1560 583 1631 animum
602 1575 707 1631 tuum
726 1487 868 1658 siquod
895 1555 1078 1632 habuisset
1095 1552 1231 1643 insolens
1353 1569 1355 1580 ⁴

306 1591 516 1731 ilerodiadis
537 1653 687 1727 Oratio?
707 1683 753 1728 an
774 1655 1001 1754 persuasisset
1015 1655 1076 1730 illa
1095 1655 1154 1731 tibi
1167 1655 1233 1738 lam
1353 1586 1365 1768 l

305 1755 488 1866 indignum
514 1752 735 1824 humanitate
762 1759 825 1825 tua
847 1750 1007 1826 facinusi
1031 1747 1129 1828 Tene
1150 1755 1236 1832 fictili

304 1853 472 1952 inamque
488 1851 511 1925 J
512 1849 728 1951 urisjurandi
744 1852 856 1963 specie
876 1851 1081 1924 obstrictum
1099 1853 1237 1930 arbitra·

305 1949 417 2040 reris,
452 1966 493 2021 ut
520 1948 588 2020 viri
614 1949 821 2020 sanctissimi
842 1977 964 2038 necem
990 1977 1200 2050 properares.

352 2046 501 2120 Atenim
517 2045 706 2146 promisisti
718 2045 893 2118 Saltatrici
905 2047 1023 2145 impiae
1035 2102 1046 2142 ,
1059 2045 1131 2120 fore
1146 2047 1242 2124 illam

304 2145 377 2218 voti
401 2160 596 2244 compotem
620 2144 699 2214 sui:
720 2143 881 2310 obligasti
904 2146 1040 2246 regiam
1058 2141 1246 2260 spectanti-

304 2240 371 2314 bus
396 2242 531 2314 Aulicis
556 2239 686 2334 lidem3
707 2241 800 2314 invio
814 2241 944 2316 abilem
964 2243 1114 2316 solenms
1130 2273 1246 2320 sacra·

183 2391 187 2399 -
304 2339 416 2412 menti
438 2335 643 2450 religionem
666 2339 835 2439 adjecisti.
863 2340 1002 2412 Scilicet
1018 2357 1058 2414 ut
1082 2343 1250 2455 iniquum

304 2437 394 2538 quid
418 2435 644 2508 admrtteresi
675 2453 715 2508 ut
744 2437 1009 2536 ignominiosam
1027 2437 1161 2512 nominc
1185 2455 1250 2511 tuo

304 2535 424 2606 labem
450 2532 639 2606 inureres?
668 2551 709 2606 ut
736 2536 877 2637 Regum
909 2535 1130 2634 majestatem
1151 2539 1254 2648 turpi

304 2630 436 2734 flagitio
459 2631 709 2703 dedecorarest
727 2633 805 2703 Hoc
830 2634 858 2703 si
876 2632 1033 2731 'postulat
1054 2637 1076 2704 a
1096 2650 1131 2704 te
1155 2633 1251 2725 insi,-

254 2795 257 2802 .
304 2731 404 2829 piens
429 2729 569 2829 puella,
606 2746 712 2801 tu-ne
739 2729 777 2802 id
803 2729 978 2804 facturum
1009 2748 1044 2802 te
1072 2748 1135 2802 aut
1164 2728 1254 2832 pro-

305 2828 451 2919 misisti,
485 2844 547 2899 aut
584 2828 793 2926 promittere.
826 2827 1002 2927 potuisti?
1029 2827 1128 2900 Nam
1151 2829 1258 2932 quod

258 3009 263 3022 Ι
300 2927 393 3019 ¹illud
425 2925 571 2998 tandem
595 2942 666 3016 est,
691 2927 785 3027 quod
808 2923 923 3025 petiti
945 2933 1015 3027 quo
1039 2926 1150 3025 impia
1173 2955 1259 2998 sce-

303 3023 424 3095 leratae
455 3022 666 3096 Herodiadis
705 3040 786 3096 vota
815 3021 1014 3096 feruntur?
1049 3023 1144 3124 quod
1183 3024 1261 3094 sibi

304 3121 495 3192 saltationis
526 3121 664 3210 lascivae
691 3119 875 3222 praemiu'm
909 3121 1032 3193 donari
1061 3121 1200 3222 poscit?
1234 3123 1261 3198 ,ὁ

304 3219 520 3319 singularem
539 3217 806 3320 inauditamque
828 3217 866 3290 in
883 3220 995 3292 atate
1025 3237 1098 3292 cam
1125 3219 1263 3299 tenera

303 3315 582 3416 impudentiam!
604 3313 723 3388 Tu-ne
745 3309 901 3417 puellam
925 3334 1089 3392 moestam
1101 3383 1105 3393 ,
1118 3343 1163 3390 ac¹
1182 3315 1261 3384 do-

302 3413 436 3484 lentem
461 3414 557 3485 abire
581 3415 777 3512 patereris,
803 3416 1004 3489 verendum.
1024 3412 1089 3482 toti
1111 3411 1263 3484 Judaeae

302 3529 410 3614 caput
420 3511 648 3611 proscriberes
658 3512 673 3580 ἓ
685 3513 744 3581 Tu
758 3513 874 3584 virum
886 3515 1106 3600 innocentem
1117 3527 1138 3599 ,⁴
1147 3507 1264 3580 null&

302 3607 341 3680 in
366 3637 405 3682 re
428 3610 519 3682 male
544 3608 713 3679 meritum
736 3607 780 3679 de
802 3625 838 3679 te
863 3606 1054 3708 perderes‘.l
1075 3607 1135 3678 Tu
1158 3605 1261 3712 ‹livi-

301 3735 391 3779 num
403 3687 520 3780 illum
550 3703 707 3780 veritatis
747 3705 995 3810 aequitatisque
1023 3696 1257 3809 praeconem,
