2766 4412
290 167 364 262 342
551 193 578 238 n
602 193 628 240 n
653 193 675 240 n
699 193 723 238 r
747 190 772 240 o
796 191 822 238 n
845 192 862 238 1
885 189 907 240 c
930 187 963 240 rt

474 335 609 408 ALIA
643 301 1040 448 sxuacmnrro.
1124 309 1127 316 “

338 503 542 580 Metellum
557 507 610 579 'in
633 504 841 608 Pontificid
860 493 1063 608 Dignitate
1090 534 1176 584 esse

635 605 884 677 retinendum.
939 645 952 654 -

575 775 936 838 SYNOPSIS.

294 941 336 999 1⁰.
347 886 505 1000 Rsuro
523 947 676 1016 repetetur
693 933 731 992 ab
756 933 881 994 Effectis
896 950 927 995 et
943 935 1231 1018 consequentibus,

290 1023 366 1102 quia
381 1022 526 1077 nimirum
541 1017 677 1098 Respub.
701 1017 860 1097 eripiendo
880 1017 1073 1078 Pontificiam
1095 1019 1230 1101 dignita·

289 1114 351 1162 tem
364 1098 508 1176 Metello,
520 1102 682 1160 sustineret
693 1095 794 1158 labem
808 1101 922 1182 ingrati
935 1103 1082 1173 animi,et
1092 1105 1234 1184 ingentia

289 1183 381 1243 ferret
404 1182 516 1241 damna
538 1205 546 1241 r
568 1181 650 1256 unde
672 1195 796 1241 eruetur
815 1181 880 1240 haec
897 1188 1133 1263 argumentatio.
1156 1183 1232 1243 Non

290 1265 381 1324 debet
391 1262 471 1323 illud
483 1267 672 1324 committere
686 1262 784 1344 Resp.
796 1261 878 1322 unde
893 1265 1008 1344 ingrati
1022 1267 1118 1328 aru'rni
1131 1263 1232 1326 labem

291 1347 455 1406 sustineret
476 1359 507 1404 et
529 1347 669 1425 ingentia
684 1342 776 1403 ferret
796 1344 908 1402 damna
926 1367 935 1402 t
955 1345 1053 1404 sed-si
1076 1344 1234 1406 auferatur

291 1425 423 1489 Metello
440 1425 603 1486 Pontificio
616 1423 771 1507 dignitas,
798 1425 935 1505 Respub.
957 1430 1127 1487 sustineret
1132 1425 1232 1490 labem

292 1511 407 1593 ingrati
420 1510 515 1566 animi
527 1521 557 1567 et
566 1509 706 1588 ingentia
718 1505 809 1566 ferret
821 1507 951 1585 damna,
970 1531 1041 1592 ergo
1053 1551 1063 1585 ,
1081 1524 1139 1569 etc.

332 1595 381 1652 2⁰.
397 1590 558 1649 Tractabit
572 1589 653 1647 banc
666 1593 961 1670 argumentationem
978 1603 1009 1650 et
1023 1591 1186 1652 distribuet
1198 1593 1232 1652 in

291 1675 430 1754 quinque
446 1684 564 1753 partes,
591 1691 722 1752 quarum
746 1693 816 1752 pars
830 1673 932 1752 prima
955 1675 1017 1732 erit
1033 1671 1230 1755 Propositior

291 1753 450 1814 Nimirum
470 1767 557 1813 tanto
571 1752 675 1812 studio
688 1775 797 1813 cavere
809 1753 901 1814 debet
913 1753 1118 1836 Respublica,
1129 1777 1168 1814 ne
1181 1759 1233 1813 in-

290 1850 378 1920 grata
393 1835 534 1894 videatur
544 1835 577 1892 in
593 1837 694 1910 cives,
738 1850 834 1908 uanto
851 1857 891 1894 ne
914 1835 1128 1898 detrimentum
1142 1837 1236 1898 serat.
1295 1879 1297 1885 -

334 1916 475 1978 Secunda
494 1915 585 1992 Pars,
597 1919 656 1974 erit
672 1856 819 1977 Prdbatio
829 1917 1071 1998 Propositionis3
1089 1921 1164 2000 quia
1179 1919 1233 1979 de·

292 1999 345 2060 bet
355 1997 435 2059 alere
449 2003 482 2056 in
498 1999 617 2057 civibus
625 1996 761 2057 studium
771 1997 862 2080 Reip.
875 1999 1099 2080 compensando
1110 2015 1235 2080 accepta
1328 2015 1332 2022 “

293 2082 382 2140 abiis
395 2079 561 2156 beneficia,
582 2078 629 2138 hic
640 2093 686 2138 eat
699 2082 782 2140 enim
799 2079 964 2158 stimulus,
985 2103 1048 2162 quo
1067 2103 1237 2162 provocan-

292 2175 344 2225 tur
366 2164 403 2221 ad
421 2183 531 2244 magna
545 2181 695 2244 quaeque3
714 2163 874 2244 quodnisi
893 2161 1003 2240 faciat,
1020 2167 1091 2245 quis
1112 2185 1235 2246 operam

292 2243 384 2324 Reip.
397 2265 511 2304 navare
525 2241 695 2322 sustinenti
712 2244 911 2306 Tractabitur
928 2246 979 2306 bic
998 2246 1098 2307 Locus
1111 2267 1165 2328 per
1178 2245 1237 2306 In-

292 2315 525 2407 tenogationem
537 2339 568 2385 et
586 2326 820 2408 subjectionem.
1053 2354 1061 2357 ·

334 2407 442 2468 Tertia
453 2409 528 2467 Pars
539 2447 548 2483 ,
561 2408 721 2468 Assumtio
734 2450 743 2486 ,
761 2408 815 2468 sed
827 2407 921 2490 Resp.
935 2409 1090 2470 videbitur
1102 2409 1232 2492 ingrata.

293 2487 362 2551 Hoc
375 2490 554 2550 tractabitur
572 2488 638 2550 sold
655 2493 847 2572 expositione
860 2487 944 2550 facti.

335 2572 457 2651 Quarta
476 2573 572 2649 Pars,
591 2571 977 2652 ProbatioAssumtionis,
995 2570 1132 2630 ostendet
1142 2571 1235 2652 quim

294 2655 336 2712 sit
354 2655 468 2735 ingrati
489 2656 585 2714 animi
597 2677 659 2715 non
674 2653 774 2716 solbm
788 2675 849 2713 non
866 2673 1059 2734 compensare
1078 2653 1236 2712 hominem

293 2757 349 2815 pro
365 2748 489 2816 accepto
511 2735 680 2814 beneficio,
704 2737 757 2797 sed
781 2733 911 2799 eundem
936 2735 1058 2814 privare
1085 2734 1237 2815 dignitate

294 2817 360 2876 sul.
384 2815 544 2880 Describet
566 2819 616 2880 hic
641 2841 696 2902 per
715 2819 957 2899 Hypotiposiru,
978 2815 1237 2897 quemadmodum

294 2896 481 2981 deflagrante
495 2899 649 2988 Templo,
671 2921 702 2962 se
722 2897 837 2958 medios
857 2899 890 2956 in
905 2900 990 2981 ignes
1011 2896 1161 2958 Metellus
1175 2901 1236 2958 mi·

294 2983 390 3058 serit,
406 2995 443 3042 ut
457 2983 590 3044 servaret
608 2980 800 3057 Palladium,¹
823 2979 906 3039 unde
928 2979 1041 3062 pendet
1050 2980 1137 3040 urbis
1151 2983 1237 3040 inco-

294 3058 430 3126 lumitas.
456 3064 593 3126 Extollet
617 3065 709 3144 etiam
733 3061 844 3120 damna
868 3083 937 3144 quaa
959 3062 1055 3145 Resp.
1079 3065 1236 3145 patietur,

294 3147 322 3204 si
337 3147 483 3206 mercedis
498 3147 565 3208 loco
579 3143 731 3226 plectatur
745 3143 906 3204 Metellus.

283 3227 286 3240 '
335 3227 517 3288 Confutabit
534 3225 616 3308 quod
640 3225 793 3307 objectum
814 3241 860 3285 est
881 3227 922 3285 ab
942 3226 1149 3303 Adversario,
1171 3247 1235 3285 non

295 3328 361 3367 esse
376 3311 520 3370 idoneum
536 3304 701 3368 Metellum
723 3309 763 3367 ad
783 3307 886 3368 officia
899 3311 948 3368 sui
962 3310 1096 3368 muneris
1110 3330 1118 3365 ε
1132 3321 1234 3366 osten-

296 3387 408 3470 detque
430 3414 516 3472 posse
536 3393 636 3472 ipsum
652 3395 797 3470 ptae'stare
842 3409 874 3450 er
895 3394 1073 3466 ministros,
1096 3387 1178 3468 quod
1189 3387 1235 3447 sa·
1274 3441 1278 3450 .

295 3491 363 3530 cero
378 3495 431 3553 per
443 3495 474 3533 se
489 3495 552 3531 nou
571 3485 695 3553 posset3
712 3411 853 3554 exemplo
874 3469 1043 3533 Consulum
1058 3483 1088 3528 et
1106 3466 1249 3550 Impera-‘¹

296 3565 397 3612 torum
413 3559 468 3636 qui
482 3556 515 3613 in
526 3553 599 3613 orbe
616 3568 681 3613 toto
695 3552 793 3612 multa
808 3567 953 3636 praestant
968 3573 1021 3634 per
1042 3549 1137 3626 alios,
1160 3573 1238 3632 prce-

295 3631 433 3700 futurum
453 3633 618 3700 Metellum
636 3634 767 3698 consilio
790 3649 821 3697 et
836 3637 987 3720 sapientit
1000 3633 1091 3696 rebus
1107 3633 1234 3696 divinis.
