2710 4418
349 214 425 310 '194
620 231 1031 281 nnnronrcn

391 331 563 395 Concludet
572 331 723 406 dicendo,
740 329 858 414 nullam
872 353 936 392 esse
951 331 1078 411 Artem,
1096 356 1166 416 ques
1175 335 1215 396 ab
1226 339 1293 420 ejus

348 417 496 477 laudibus
514 417 716 475 conticescere
736 413 865 492 debeat,
894 427 926 474 et
943 437 998 495 per
1015 417 1231 500 Apostmphen
1253 419 1294 480 ad

349 497 514 584 singulas,
535 496 645 556 iisdem
662 517 732 556 suas
748 499 861 578 cuique
881 510 982 576 partes
1006 497 1166 559 adscribet.
1323 528 1345 579 ρ

634 683 637 690 ⁴
683 665 960 714 ORATIO.

347 799 350 808 ’
396 805 463 876 Est
487 804 552 876 hoc
575 803 751 903 singulare
787 803 1023 902 quorumdam
1048 803 1293 878 hominumue

347 931 411 1006 pro
436 903 529 974 rium
546 901 657 974 veluti
677 897 818 991 fatum,
840 917 882 970 ut
903 902 1072 997 peculiari
1091 903 1209 1004 aliquo
1227 905 1294 976 Su·

346 932 471 1102 perdta
498 1025 645 1070 munere
674 997 777 1070 terris
804 997 981 1089 concessi,
1020 1016 1057 1070 et
1086 1018 1292 1073 caeterorum

344 1096 506 1208 exemplo
526 1096 601 1166 nati
618 1121 694 1166 esse
717 1095 919 1166 videantur.
938 1097 1075 1168 Ventm
1091 1089 1161 1198 ilud
1178 1098 1293 1170 laetids

347 1193 599 1294 excipnsolent
613 1193 692 1284 illi,
717 1195 804 1264 dum
825 1209 1037 1283 nascuntur,
1064 1199 1106 1266 eir
1129 1197 1291 1295 gravide,

344 1293 431 1364 dum
448 1296 489 1363 ra
513 1292 654 1381 iuntur‚
670 1289 884 1362 desiderium
902 1292 958 1361 sui
974 1291 1206 1390 relinquunt3
1222 1293 1291 1384 sic,

345 1407 388 1462 ut
416 1319 930 1490 explito,quanti1mhomini
954 1386 1028 1486 jam
1052 1390 1289 1487 permittitur,

344 1487 510 1588 longioris
539 1487 622 1559 vitae
648 1483 846 1575 curriculo,
867 1512 972 1555 nemo
995 1484 1053 1556 vel
1077 1489 1292 1584 praematura

343 1601 458 1656 morte
481 1600 598 1682 raptos
624 1611 695 1655 non
715 1583 833 1654 doleat
845 1634 858 1674 ,
881 1581 938 1654 vel
965 1581 1015 1652 im
1042 1583 1183 1656 ertitam
1205 1583 1291 1684 ipsis

271 1703 300 1750 ¹.
343 1679 474 1772 sitisse,
495 1699 625 1783 praeter
648 1680 883 1752 conditionem
900 1707 959 1752 mo
1031 1680 1129 1771 'um,
1149 1681 1293 1754 immor·

343 1781 518 1853 talitatem
542 1807 613 1850 non
632 1779 730 1850 velit.
1234 1823 1241 1838 .

307 1899 309 1906 ’
392 1879 487 1949 Hinc
510 1883 594 1949 veri>
626 1875 756 1948 exarsit
774 1875 996 1946 ‘eruditorum
1024 1873 1210 1948 hominum
1239 1877 1294 1949 di-

243 2009 245 2018 *
341 1976 514 2078 ligentia,
542 1991 608 2066 ut,
630 2001 717 2074 quos
750 1973 988 2072 suspexissent
1009 1971 1094 2043 olim
1111 1973 1233 2072 populi
1255 1991 1296 2046 et
1339 1969 1353 2031 γ’

319 2074 578 2164 'amavissent,
599 2098 855 2160 eorummores
872 2097 912 2140 ac
929 2069 1077 2144 virtutes
1094 2071 1228 2170 scriptis
1245 2069 1292 2144 in

339 2174 412 2244 suis
424 2169 576 2244 fideliter
593 2198 637 2242 ex
661 2197 772 2242 reseas
787 2168 1045 2267 relinquerent.
1057 2168 1151 2238 Hinc
1161 2168 1291 2240 stimu-

340 2270 408 2341 lari
420 2297 469 2341 -se
499 2269 608 2341 sensit
630 2198 809 2340 dictorum
831 2265 997 2356 solertia,
1017 2282 1080 2356 ut,
1098 2265 1183 2338 ddm
1201 2268 1295 2338 nati-

339 2367 393 2440 vis
417 2367 631 2440 adumbrata
653 2365 825 2436 coloribus
846 2363 1037 2435 illustrium
1056 2361 1212 2445 virorum
1228 2391 1293 2437 ora

339 2465 552 2556 redderent,
574 2463 781 2536 eorumdem
805 2461 1002 2534 absentiam
1020 2487 1059 2529 ac
1076 2459 1293 2535 desiderium

338 2559 602 2670 quodammodo
614 2561 885 2631 consolarentur.
899 2557 993 2626 Hinc
1009 2572 1159 2626 etnovos
1169 2583 1291 2660 strmp-

336 2671 386 2724 stt
421 2657 555 2725 animos
583 2655 807 2751 Sculptorum
834 2653 933 2723 labor
958 2668 1065 2751 atque
1095 2652 1289 2728 dexteritas

338 2752 378 2824 in
398 2750 596 2822 incidendis
618 2753 657 2821 in
685 2776 859 2821 marmore
881 2749 940 2822 vel
968 2749 1007 2819 in
1034 2775 1104 2820 aare
1126 2751 1291 2826 Heroum

334 2872 484 2919 suorum
513 2848 662 2950 egregiis
687 2844 920 2936 facinoribus,
952 2864 1016 2938 ut,
1044 2847 1130 2919 ditm
1154 2875 1210 2920 res
1241 2851 1290 2922 ab
1344 2911 1345 2914 ,

338 2946 408 3018 illis
427 2963 503 3018 tam
519 2945 612 3016 bello
629 2947 737 3046 quam
750 2971 836 3044 pace
856 2943 1022 3044 praeclare
1036 2962 1151 3046 gestas
1170 2963 1289 3046 poste-
1343 2951 1345 3010 ἕ

339 3071 460 3117 rorum
492 3044 600 3116 oculis
625 3043 864 3142 subjicerent,
896 3039 1056 3119 foverent
1091 3051 1286 3145 perpetuo,

339 3169 451 3242 quam
473 3141 529 3214 illi.
540 3139 762 3222 concitabant
784 3141 891 3231 olim,
909 3140 1178 3215 admirationem
1206 3145 1298 3234 sui,

339 3257 462 3340 neque
477 3267 600 3311 eorum
615 3239 823 3312 memoriam
846 3265 1026 3312 senescere
1049 3243 1206 3340 unqudm
1224 3265 1288 3338 pa-

338 3352 514 3408 terentur.
1180 3359 1181 3362 ’

342 3437 346 3448 ’
390 3434 527 3506 Scilicet
552 3434 644 3507 illud
663 3453 722 3510 ‘est
750 3437 985 3536 propavandae
1010 3434 1104 3535 apud
1127 3449 1286 3532 posteros

338 3532 531 3606 illustrium
543 3534 698 3608 virorum
712 3534 829 3634 gloriae
851 3497 1062 3606 desiderium
1085 3530 1283 3630 ejusmodi,

343 3647 473 3714 utnon
491 3629 661 3728 injectum
680 3629 912 3722 extrinsecus,
931 3629 993 3702 sed
1006 3631 1169 3712 iunctum
1185 3629 1284 3705 nobis

344 3726 458 3804 videri
474 3729 583 3830 possit
598 3759 612 3824 3
631 3729 721 3806 edelr
738 3747 905 3804 utnemo
925 3727 1174 3836 nisi.iniquids
1191 3723 1284 3800 ferat
