2756 4414
294 218 382 318 &a
551 241 963 294 uunrenrcn

161 403 168 418 κ
291 342 466 442 aliquem,
488 364 550 506 <pp
567 339 626 411 vel
641 340 780 412 invictis
793 367 832 428 ac
848 339 1125 444 repugnantibus
1142 341 1236 413 exci-

292 438 369 528 dit,
393 435 450 507 vel
477 465 497 505 0
524 436 569 528 '',
592 437 649 510 vel
673 437 864 511 iracundiae
888 457 1049 533 motum;
1081 439 1138 512 vel
1160 439 1235 511 noli

290 559 393 608 reum
422 533 508 634 legis
537 559 660 633 agere,
680 563 788 638 quem
804 537 876 610 lata
893 537 951 609 lex
980 555 1136 638 spectare
1162 561 1235 608 non

316 647 418 703 otest.

290 653 521 822 phbsolw,
545 729 710 822 Judices·;
736 747 773 803 et
806 731 973 832 quoniam
1008 731 1098 804 nihil
1132 731 1236 804 rideo

290 824 480 926 deinceps,
498 828 593 940 quod
614 825 672 900 vel
688 828 815 899 misero
837 830 998 941 parenti,
1022 831 1080 902 vel
1100 857 1234 901 aerum·

290 949 386 995 nosae
406 925 516 996 soboh
542 919 713 998 facessere
740 943 920 1026 negotium
961 931 1068 1018 ussit,
1091 954 1153 998 oro
1174 953 1238 998 vos

291 1036 400 1122 atque
418 1020 596 1116 obtestor,
619 1050 683 1121 per
700 1025 904 1136 aequitatem
924 957 1044 1115 illam,
1072 1049 1153 1126 quae
1168 1051 1236 1095 ne-

202 1167 204 1172 ·
291 1120 381 1190 mini
399 1147 558 1220 unquam
581 1121 759 1192 innocenti
781 1121 819 1192 in
840 1121 906 1192 hac
934 1122 1074 1194 civitate
1096 1121 1234 1213 defuit,

291 1217 501 1290 calamitosae
524 1214 668 1290 familiae
695 1235 813 1317 partes
841 1220 988 1310 acriter,
1016 1236 1057 1289 ut
1089 1218 1244 1310 soletis,

292 1316 469 1414 suscipite.
487 1315 546 1386 Ne
566 1332 690 1388 noceat
714 1314 842 1387 infelici
859 1318 1001 1388 Acoetae
1022 1317 1117 1416 quhd
1131 1317 1236 1416 igno-

291 1410 372 1482 bilis
394 1440 434 1484 ac
456 1399 731 1515 pauper,¹qul›d
754 1443 774 1484 o
847 1414 1043 1486 destitutus
1060 1441 1099 1484 ac
1124 1413 1238 1513 gratia

292 1527 413 1582 contra
436 1505 589 1582 nobilem
607 1511 745 1602 virum,
769 1441 916 1583 fiiitem
935 1513 1088 1584 eundem
1104 1537 1142 1581 ac
1160 1537 1239 1611 gra-

292 1607 469 1680 tissimum
496 1608 626 1710 judicio
654 1610 883 1681 contenderit.
908 1609 1029 1682 Nolite
1059 1608 1240 1680 obstruere

292 1704 431 1776 aditum
478 1706 588 1778 lebeis
615 1707 724 1778 etiam
749 1706 972 1800 hominibus,
996 1723 1064 1798 ut,
1090 1706 1118 1776 si
1146 1705 1238 1777 bene

292 1804 421 1874 mereri
465 1804 703 1902 eRepublieit
727 1807 882 1904 possint,
909 1792 1092 1907 potenh'lm
1118 1819 1240 1875 aucto-

290 1900 396 1973 ritate
410 1917 579 2001 metuque
597 1903 857 1976 deterreantur.
871 1903 1006 1972 Parcite
1017 1901 1241 1972 laetissimum

291 1995 388 2070 hunc
406 1999 526 2085 diem,
549 2027 658 2100 quem
677 2029 748 2072 non
769 2018 842 2070 tarn
863 1996 1045 2094 Iphicratis
1065 1997 1236 2089 victoria,

293 2097 561 2195 quamaddicta
577 2098 660 2170 huic
675 2098 755 2169 urbi
783 2092 928 2166 felicitas
950 2093 1108 2194 peperit,
1133 2097 1239 2167 inno·

293 2193 447 2266 centium
465 2197 567 2281 caede,
585 2195 774 2267 funestare.
806 2192 898 2263 Satis
924 2191 970 2263 sit
999 2191 1118 2287 nobis,
1141 2191 1241 2292 quud

293 2307 431 2390 ereptos
447 2290 579 2365 infelici
600 2291 670 2365 fato
692 2307 762 2361 tres
788 2289 881 2361 cives
900 2290 1047 2389 optimos
1076 2291 1238 2391 requira-

292 2413 397 2481 mus;
417 2410 536 2464 cavete
553 2387 764 2462 desiderium
774 2405 935 2460 nostrum
945 2389 1044 2460 novis
1056 2385 1238 2458 funeribus

293 2487 488 2562 cumulare.
519 2491 671 2588 Tuque,
692 2492 713 2556 ὃ
731 2485 929 2585 Iphicrate,
954 2487 1135 2558 moderare
1162 2501 1242 2556 tan-

292 2585 403 2683 tisper
423 2587 532 2658 dolori
546 2604 629 2656 tuos
650 2580 769 2656 fruere
787 2583 929 2654 sinceris
946 2583 1129 2682 lacrymis,
1149 2607 1239 2682 quas

293 2697 366 2754 tuae
383 2681 572 2755 calamitati
594 2707 715 2752 omnes
741 2679 976 2782 impertimus.
1003 2679 1088 2751 Noli
1106 2678 1240 2778 injusto

293 2775 411 2852 furore
446 2777 651 2881 perturbare
675 2785 897 2850 'communem
929 2778 973 2849 de
1002 2795 1063 2848 tuo
1089 2805 1239 2856 moerore

292 2875 428 2950 luctum
454 2907 462 2947 ε
490 2903 591 2976 parce
609 2874 710 2950 abuti
779 2876 945 2948 rtinacihs
969 2875 1239 2974 propensissimi

293 2977 400 3046 totius
416 2974 564 3046 civitatis
582 2974 621 3045 in
637 2991 672 3046 te
690 3002 734 3047 vo
748 2991 870 3046 untate
881 2973 1090 3046 miserorum
1101 2972 1147 3043 ad
1163 2999 1240 3072 per·

294 3074 440 3160 niciem,
460 3087 496 3141 et
522 3072 630 3142 aliam
648 3071 737 3163 tibi,
761 3075 871 3174 quam
887 3071 1018 3143 civium
1042 3085 1240 3142 nostrorum

293 3169 333 3242 in
356 3168 550 3269 sanguine,
569 3170 815 3269 triumphandi
831 3169 1019 3242 materiam
1034 3195 1237 3270 appretiare.

502 3393 785 3444 cnrrncus
834 3393 1025 3442 suun.

342 3555 487 3628 Novum
519 3583 632 3628 causae
658 3581 797 3654 genus,
829 3571 866 3628 et
929 3551 1099 3626 avissimis
1123 3548 1240 3620 unde·

277 3657 439 3764 'quaque
460 3653 679 3750 implicatum
706 3648 904 3728 difficultati
930 3677 972 3724 us
994 3647 1119 3760 vestris
1142 3645 1238 3760 judi-

293 3751 356 3822 etis
369 3749 473 3824 hodie
482 3749 720 3822 dirimendum
737 3746 946 3842 deferimus,
964 3771 1158 3848 aequissimi
1172 3745 1194 3818 J
1195 3771 1240 3815 u·
