2756 4414
320 189 397 282 ῲό
529 210 991 266 .anarcnrca
1184 265 1186 281 ,

315 309 505 402 occidere,
521 311 662 416 patrem
673 310 1027 410 plectite3'Q11iritec‚
1042 340 1112 386 non
1127 313 1252 402 liliuma

316 410 406 500 Me,
433 435 498 480 me·
511 409 662 500 adeum,
680 409 792 481 scelus
818 411 886 511 qui
905 407 996 502 l'eci3
1023 410 1085 482 hoe
1099 439 1174 512 ego
1192 412 1278 510 ju·¹

315 507 406 579 niori
429 507 576 578 Horatio
593 531 741 597 aeneus,
767 505 830 578 hoe
859 508 1019 602 animos,
1043 507 1136 582 hunc
1156 537 1254 580 arno-
1274 567 1280 574 .

316 630 395 676 rcm
410 604 448 676 in
480 603 629 702 patriam
651 597 819 678 ins'tillavi
832 602 930 698 lilio,
953 623 993 678 ut
1015 606 1165 678 salutem
1185 632 1254 706 pu·
1275 665 1280 672 .

317 698 447 774 blicam
454 703 568 774 rebus
588 697 750 794 omnibus
772 703 917 775 duceret
932 703 1181 817 antiquiorem.
1273 759 1278 768 .

351 800 407 872 ‚Si
427 815 546 872 tamen
574 795 647 870 filio
672 825 751 870 meo
773 803 987 874 rertendum
1018 828 1057 874 m
1085 801 1255 892 dedecus,

318 896 428 970 etiam
444 897 481 970 in
498 921 659 1008 poenam,
683 897 779 996 qudd
804 898 960 968 debitam
984 897 1106 1000 patriae
1127 897 1255 980 carita·
1276 970 1279 980 ,

319 1011 393 1066 tem
406 1020 516 1065 amon
528 989 906 1093 fraternupraemlerit,
920 997 1017 1095 qued
1032 1023 1103 1070 non
1115 996 1160 1066 de
1172 992 1255 1065 hos·

318 1091 413 1165 tibus
434 1090 559 1182 modi,
582 1091 643 1162 sed
664 1090 708 1162 de
722 1092 803 1190 ipsi
829 1091 1087 1165 etiamnaturd
1109 1091 1279 1162 viriliter.

317 1185 568 1286 triumpharit,
592 1187 731 1279 videte,
758 1213 901 1288 quaro,
930 1195 1108 1289 ,quantum
1130 1205 1259 1260 vestrae

304 1286 401 1358 -urbi
418 1286 553 1386 totique
568 1285 716 1382 imperio
735 1285 988 1358 detrimentum
1006 1287 1079 1358 sitia
1098 1285 1254 1356 allaturi.

317 1383 417 1458 Nam
435 1385 515 1483 quis
532 1383 695 1496 deinceps
721 1399 784 1453 aut
813 1400 913 1454 curet
937 1383 1060 1483 patriae
1108 1383 1232 1454 loriam
1244 1435 1257 1473 ,

317 1497 383 1554 aut
397 1481 554 1552 tutandae
569 1480 720 1579 pubhcae
732 1478 902 1553 libertatis
910 1481 1024 1580 giutid
1041 1411 1158 1552 suffire
1173 1480 1259 1552 vitae

305 1578 516 1678 'periculum
537 1577 732 1668 sustineat,
757 1581 837 1650 cdm
861 1577 1013 1652 illustria
1029 1579 1160 1652 civium
1180 1605 1259 1648 me-

317 1677 390 1750 rita
405 1677 551 1750 senserit
561 1687 636 1747 tam
648 1677 740 1746 male
757 1677 990 1774 compensari?
1011 1676 1101 1768 Quis
1112 1701 1259 1774 exspec-

317 1788 372 1852 tet
395 1775 595 1864 mercedem
621 1773 798 1871 aliquam,
824 1773 887 1872 qui
909 1771 1138 1863 beneficium,
1164 1773 1263 1871 quod

317 1893 396 1946 eece
419 1885 556 1969 poterat
575 1869 733 1942 omnium
750 1871 1077 1967 prraetantissimum
1088 1921 1100 1957 ,
1123 1871 1263 1942 noverit

317 1967 632 2042 tristissimimorte
644 1963 871 2038 mulctarunt
882 1966 973 2057 Quis
981 1967 1096 2068 potidc
1109 1966 1178 2038 sibi
1190 1992 1262 2038 non

318 2081 482 2150 metuat,
504 2068 583 2134 cdm
606 2061 663 2134 vel
681 2061 694 2131 i
720 2088 758 2132 ea
784 2062 907 2161 patriae
937 2063 1076 2138 caritas,
1092 2063 1262 2174 supplicio

317 2160 425 2262 digna
451 2157 658 2232 censeatur?
713 2185 805 2258 eque
825 2160 924 2231 enim
942 2160 1112 2232 Horatius
1140 2158 1279 2234 mfelin

318 2275 385 2332 aut
403 2258 482 2330 odio
501 2273 565 2328 aut
586 2255 769 2326 iracundia
785 2273 992 2354 provocatus
1017 2258 1183 2330 adverada
1201 2285 1259 2330 eo-

319 2381 436 2436 rorem
458 2354 612 2444 exarsit3
635 2379 729 2424 unus
757 2353 881 2450 patriae
907 2380 1006 2426 amor
1026 2353 1188 2426 incitavit
1205 2355 1262 2428 ‘uf

320 2480 470 2543 venem,
496 2476 610 2522 unum
625 2448 917 2548 salutis·publicae
933 2451 1089 2524 studium
1104 2452 1178 2550 imp
1218 2453 1258 2528 't.
1308 2437 1317 2465 ⁸

320 2550 405 2626 Non
420 2547 585 2640 credidit,
606 2548 629 2620 J
630 2547 771 2639 udices,
789 2559 864 2620 tam
879 2549 1039 2647 indignos
1052 2548 1167 2620 animo
1184 2551 1264 2620 Ro-

320 2673 426 2722 mano
448 2673 568 2718 census
588 2671 706 2718 carere
730 2644 895 2743 supplicio
915 2672 1035 2743 posse,
1056 2645 1186 2721 oblitus
1208 2664 1263 2720 est

319 2746 418 2820 illam
435 2771 509 2820 esse
530 2769 683 2816 sororem
699 2768 823 2832 suam,
845 2759 885 2813 ut
897 2741 1088 2839 perimeret
1102 2744 1260 2836 hostem

280 2851 283 2857 '
319 2845 478 2934 imitatus
496 2839 791 2940 sapientissimum
806 2837 913 2937 hujus
926 2840 1031 2912 urbia
1049 2837 1263 2914 conditorem

263 2935 267 2944 ’
317 2940 538 3032 Romulum,
562 2937 626 3037 qui
647 2939 801 3009 Remum
820 2933 969 3008 fratrem·
983 2963 1084 3010 novae
1107 2937 1188 3010 urbi
1203 2940 1261 3010 in·

321 3039 529 3128 sultantern,
543 3035 683 3136 proprii
698 3061 807 3107 mauu
818 3033 982 3116 confodit.
995 3037 1028 3106 O
1042 3033 1260 3129 mutatajam

320 3137 361 3216 in
383 3137 483 3238 pejus
497 3130 678 3230 tempora!
699 3133 788 3204 Ecce
801 3132 923 3230 capitis
939 3159 1021 3204 reue
1033 3160 1126 3204 nunc
1144 3160 1260 3204 accer-

314 3235 433 3325 citur,
458 3231 519 3332 qui
546 3228 762 3327 triumphare
787 3229 993 3308 meruisseil
1013 3229 1077 3305 hoc
1099 3229 1262 3310 imminet

317 3331 444 3406 ‘victori
459 3328 662 3442 praemium,
675 3343 716 3398 ut
727 3324 895 3398 infamem
906 3327 1072 3428 religatur
1083 3325 1129 3396 ad
1139 3325 1262 3424 palum

321 3423 491 3502 carnificis
501 3453 611 3499 manu
619 3423 882 3524 pereatlTanti
890 3442 944 3498 est
952 3450 1086 3506 amasae
1093 3424 1261 3520 patriam,

317 3527 413 3600 tanti
438 3542 493 3598 est
515 3551 579 3622 pro
594 3523 707 3592 salute
732 3523 910 3594 communi
929 3545 1030 3594 suam
1043 3547 1260 3620 suorumque

248 3695 251 3702 .
317 3624 433 3700 ‚vitam
449 3619 650 3694 devovisse!
930 3701 934 3708 ι

371 3719 474 3798 Nihil
494 3735 568 3810 eet,
587 3716 683 3822 qued
705 3714 868 3816 adjiciam
887 3713 1012 3816 plura,
1035 3715 1194 3809 Quirites
1201 3714 1262 3805 μί
