2768 4410
305 199 376 288 262
533 222 992 284 ¹arsur-onrole

300 321 445 416 patriae,
473 317 582 419 quam
604 319 720 420 diligis
749 337 785 390 et
809 321 847 390 in
865 321 1053 420 pristinum
1074 319 1245 394 libertatis

301 417 405 487 decus
433 417 672 491 restituendae.
701 417 760 488 Tu
780 444 883 488 suum
913 419 1016 489 sacris
1041 416 1174 517 legibus
1191 419 1244 492 vi-

312 541 420 610 orem
433 565 443 604 ‚
456 541 557 586 suam
570 513 839 613 Magistratibus
855 515 1112 604 reverentiam,
1127 515 1241 586 Patri·

299 539 366 682 lius
387 611 628 683 auctoritatem
647 638 801 684 asserere
819 612 1058 684 meditabaris.
1080 611 1238 690 Huceine

193 706 196 714 ’
299 708 442 780 tandem
455 708 579 780 recidit
591 707 626 778 di
650 736 737 780 num
756 708 938 782 Coriolano
951 708 1156 782 consilium?
1168 725 1242 781 tam

298 804 539 878 citbardorille
549 735 673 878 nobilis
683 802 1021 881 deferbuitiremisit
1038 805 1244 892 virtusilla,

297 917 358 992 et,
387 929 494 1003 quem
516 903 668 1003 superba
700 904 812 976 Roma
842 905 956 982 vereri
982 901 1136 1004 primbm
1164 903 1240 974 visa

296 1016 372 1090 est,
389 1000 556 1074 adversbs
566 1001 856 1074 muliercularum
868 999 1040 1102 lacrymas
1059 999 1240 1100 elanguitl
1343 1021 1349 1026 '

295 1099 347 1166 At
363 1099 400 1168 ni
421 1114 457 1176 te
482 1097 601 1198 gloriae
623 1098 800 1190 studium,
818 1098 991 1173 libertatis
1015 1098 1143 1188 decus,
1164 1113 1241 1168 tuo-

172 1235 183 1248 ·
295 1219 376 1278 rum
394 1221 514 1287 amor,
534 1196 657 1295 patriae
674 1195 767 1292 sabis
787 1213 970 1287 moveant3
989 1195 1086 1294 piget
1102 1195 1238 1285 dicere,

295 1309 435 1364 moveat
468 1309 503 1364 te
533 1293 679 1390 periculi
712 1294 890 1393 gravitas,
929 1295 1024 1393 quod
1054 1291 1238 1377 imminet,

277 1387 325 1458 ¹si
348 1416 467 1460 rerum
491 1387 557 1460 hoc
578 1389 615 1460 in
646 1390 843 1462 discrimine
869 1388 1059 1463 inflectite
1086 1387 1240 1488 indignis

295 1485 461 1586 precibus
488 1487 700 1585 permiseris.

169 1610 209 1640 Μ
225 1611 270 1642 m
343 1583 500 1682 Anergo
514 1599 588 1654 tam
604 1590 730 1682 partlm
747 1585 838 1656 nosti
850 1583 1019 1684 populum
1032 1584 1134 1654 illum
1153 1609 1237 1682 per·

294 1678 468 1764 duellem,
487 1682 544 1754 cui
560 1681 696 1778 parcis?
711 1681 850 1780 Nempe
864 1680 938 1780 jam
954 1682 1071 1780 posuit
1086 1679 1238 1769 furores,

290 1774 363 1886 jam
386 1777 504 1850 docilis
530 1775 643 1852 factus
677 1794 751 1869 est,
782 1795 818 1848 et
837 1805 1078 1850 mansuescere
1091 1777 1240 1850 didicit?

289 1901 363 1985 pam
382 1874 518 1973 patiens
547 1869 694 1986 excipiet
713 1874 860 1987 juguml
884 1874 975 1947 nibil
997 1875 1057 1946 ille
1074 1875 1241 1974 deinceps
1282 1941 1289 1960 ,

287 1971 451 2069 miquum
472 1970 701 2044 meditabitur
709 1995 721 2062 ς
733 1971 829 2044 1111111.
839 1970 1006 2046 retinebit
1016 1971 1144 2044 veteris
1157 1999 1238 2071 per-

288 2067 448 2139 tinaciae?
471 2095 596 2142 exosus
616 2069 739 2140 turbas
763 2095 803 2140 ac
829 2069 1002 2146 tumultus
1025 2071 1157 2142 innatae
1182 2068 1239 2141 le·

288 2164 405 2237 vitatis
424 2164 675 2239 oblivisceturl
693 2195 764 2238 non
778 2165 912 2238 dolebit
928 2193 977 2238 un
1004 2193 1087 2239 uam
1099 2166 1238 2245 illatam

209 2277 210 2283 ’
288 2261 356 2334 sibi
384 2261 494 2336 abeo
521 2260 629 2337 luisse
651 2265 745 2353 vim‚'
769 2291 877 2364 quem
902 2195 1114 2364 exprileratl
1145 2265 1236 2340 nibil
1348 2345 1354 2365 s

286 2358 422 2461 pigebit
441 2360 607 2461 abjecisse
631 2387 667 2432 se
690 2359 784 2432 illius
804 2359 850 2432 ad
872 2361 998 2461 pedes,
1023 2387 1131 2462 quem
1147 2363 1233 2436 olim

287 2456 501 2556 proscribere
532 2457 758 2532 memineritl
775 2457 994 2532 reverebitur
1012 2487 1052 2529 us
1079 2485 1145 2549 ue,
1167 2476 1231 2532 aut

287 2555 395 2624 etiam
408 2555 542 2627 amabit
557 2555 781 2627 Coriolanum
792 2609 804 2648 ‚
817 2583 945 2656 quem,
960 2555 1027 2626 nisi
1040 2485 1237 2630 obstitisset·

285 2651 432 2750 conjux,
459 2653 525 2722 nisi
549 2653 719 2724 vetuisset
738 2670 875 2746 mater,
891 2649 1040 2724 ferocem
1061 2651 1232 2728 victorem

284 2765 321 2822 ct
332 2748 593 2917 implacabilem
608 2767 883 2866 expugnatorem
899 2767 1062 2850 expertus
1081 2749 1230 2824 fuissett

332 2847 378 2917 Se
428 2863 501 2918 esto
523 2877 532 2918 z
558 2847 711 2920 Romam
733 2846 821 2920 nihil
843 2851 881 2919 111
905 2863 941 2920 te
962 2865 1106 2948 peccent
1118 2877 1130 2940 3
1152 2867 1230 2929 tam

283 2944 386 3016 mites
409 2943 448 3020 111
471 2962 676 3044 posterum,
692 2963 775 3026 tam
792 2945 918 3018 dociles
942 2945 1097 3039 babeas,
1115 2952 1228 3046 quam

280 3042 431 3126 rebelles
467 3043 576 3134 olim,
608 3046 717 3142 quarn
749 3059 970 3116 contumaees
1006 3046 1225 3157 persensisti.

282 3139 386 3212 Nihil
402 3168 446 3212 ne
467 3140 609 3214 ridetur
631 3139 724 3232 tibi,
751 3141 846 3253 quod
869 3142 1040 3216 &Volscis
1063 3142 1237 3214 metuas?

281 3234 366 3308 Non
377 3237 499 3339 iniquo
511 3237 625 3312 ferent
641 3237 694 3308 illi
711 3266 828 3311 ammo
840 3237 963 3324 violari
978 3238 1111 3330 foedus,
1129 3240 1226 3339 quod

281 3335 454 3408 sancitum
468 3341 488 3408 d
500 3353 535 3408 te
547 3364 628 3408 cum
644 3336 729 3436 ipsis
745 3337 823 3412 esti
845 3337 927 3410 Non
945 3337 1226 3437 indignabuntur

280 3432 395 3506 deseri
413 3460 449 3504 se
469 3434 515 3506 ab
538 3463 579 3508 eo
595 3435 771 3534 turpiter,
815 3463 898 3522 uem
917 3433 1068 3534 ejeotmn
1086 3434 1224 3579 patria,

278 3531 421 3604 exulem
449 3548 487 3604 et
518 3549 681 3632 egentem
712 3463 847 3604 consilii
870 3547 1101 3629 exceperunt.
1140 3529 1225 3607 Non

274 3626 412 3702 irruent
428 3630 474 3710 ,111
498 3644 534 3700 te
564 3645 735 3729 tanquam
753 3629 790 3731 'pn
814 3627 1047 3728 proditorem?
1075 3627 1158 3702 Non
1186 3646 1223 3700 te

276 3743 437 3831 repetent
462 3725 508 3802 ad
533 3752 682 3826 poenas,
704 3726 876 3810 ‚devotam
903 3723 1014 3800 furori
1037 3753 1099 3800 suo
1122 3725 1224 3806 viem
