2710 4418
320 190 531 260 ιιιιίιιι
580 213 851 260 narnus.
991 219 1060 290 199

444 359 720 406 ORATIO.
809 398 814 408 .

14 491 21 640 p
157 495 242 568 Etsi
262 523 333 568 non
345 495 375 566 is
391 487 455 595 ego
472 521 571 587 sum,
595 495 761 595 Princeps
784 497 1060 598 sapientissime,

14 651 16 674 .
108 596 177 696 qui
197 593 257 667 vel
279 595 499 666 commissam
522 595 544 663 d
574 595 745 692 Supremo
761 593 918 668 Numine
941 595 1062 696 legum

13 689 16 708 '
107 691 351 764 conditoribus
379 691 571 790 potentiam
591 709 699 793 atque
722 694 964 766 auctoritatem
984 695 1060 766 ele-

104 791 266 862 vandam
288 807 434 888 putem,
458 788 515 860 vel
533 791 742 890 populorum
762 793 926 864 socordiae
944 791 1061 862 indul-

154 915 198 962 ιιι
221 885 300 986 plus
326 915 430 987 aequo
449 913 616 960 excusare
638 889 757 988 legum
778 887 978 960 infractores
1000 917 1061 962 ve-

106 914 206 1076 fiin3
237 1001 361 1056 tamen
384 983 475 1056 nihil
504 984 663 1057 dubitem
687 985 804 1086 palam
829 985 985 1086 profiteri
1000 987 1059 1062 vix

12 1019 19 1200 l
107 1109 187 1154 esse
209 1110 310 1182 posse
328 1083 442 1182 legem
458 1080 593 1174 ullam,
612 1111 693 1184 quae
711 1083 852 1156 mollem
879 1085 1059 1158 interdiun

11 1235 24 1512 p
107 1179 373 1293 benignamque
394 1179 717 1278 interpretationem
742 1210 814 1254 non
839 1183 1016 1254 admittat.

127 1351 133 1366 ‚
159 1277 257 1350 Nam
277 1297 356 1377 qur's
376 1294 449 1370 est,
468 1295 532 1350 aut
550 1276 617 1352 fuit
632 1283 792 1380 unquam
807 1295 882 1373 tam
903 1279 1058 1352 retinens

107 1374 199 1474 juris
222 1374 300 1467 sui,
324 1393 387 1448 aut
415 1374 525 1446 debiti
550 1376 617 1448 sibi
639 1377 796 1478 obsequii
814 1395 888 1448 tam
912 1379 1056 1476 iniquus

108 1489 274 1564 exactor,
306 1489 372 1565 ut,
399 1485 487 1574 ques
516 1475 649 1546 sancire
679 1475 771 1574 leges
797 1475 1054 1566 meditaretur,

108 1595 169 1641 eas
189 1569 378 1646 sicvrulere
396 1598 533 1668 semper
550 1573 741 1670 partemin
759 1586 899 1658 omnem
924 1571 1053 1664 vellet,

107 1684 151 1738 ut
170 1667 276 1740 nullis
304 1669 536 1744 incidentium
563 1697 684 1741 rerum
711 1670 847 1742 casibus
870 1687 933 1742 aut
960 1668 1056 1742 infir-

109 1767 232 1857 mari,
270 1784 335 1840 aut
366 1767 476 1838 etiam
500 1768 645 1880 penitds
671 1767 834 1868 abrogari
859 1784 1051 1868 pateretur.

109 1863 237 1934 Unum
268 1880 304 1934 te
334 1865 423 1936 mihi
459 1891 510 1936 rer
531 1863 678 1964 hujusce
710 1883 839 1938 testem
875 1865 1054 1978 appellare
1082 1913 1176 1960 reon:

104 1959 241 2052 liceat,
270 1962 351 2034 Rex
373 1961 651 2062 sapientissime5
676 1962 770 2039 hunc
794 1981 834 2036 tu
855 1964 1054 2064 Principem
1163 2007 1170 2025 ·

106 2059 225 2130 virum
258 2060 315 2130 vel
341 2063 363 2132 ὲ
391 2060 561 2172 sapienti&
589 2061 682 2134 belle
707 2079 973 2160 comparatum,
996 2062 1054 2134 vel
1106 2075 1110 2085 “

106 2155 156 2226 ab
186 2157 353 2256 aequitate
384 2175 466 2230 satls
505 2158 715 2233 instructum
745 2159 961 2250 aestimares,
989 2161 1054 2260 qui
1121 2153 1126 2164 ¹

104 2253 146 2326 in
163 2255 359 2328 sanciendis
373 2256 531 2357 legibus,
551 2257 651 2330 nullel
668 2258 822 2328 locorum
841 2274 904 2328 aut
915 2275 1053 2354 tempo-

8 2433 10 2460 >
104 2379 189 2423 rum
215 2357 367 2452 expensb
390 2354 547 2444 ratione,
573 2355 671 2426 nullo
704 2370 850 2426 fetatum
883 2353 1053 2424 conditio·
1175 2351 1179 2360 ’

106 2477 268 2550 numque
281 2451 421 2524 delectu
437 2451 582 2543 habito,
600 2452 786 2522 insevere
804 2449 1054 2549 pronunciaret

105 2548 145 2616 in
175 2575 320 2641 omnes,
349 2567 391 2624 ut
414 2550 594 2628 neminem
616 2547 662 2630 ab
686 2549 861 2660 imperat&
887 2546 964 2648 lege
985 2548 1054 2621 im·
1085 2581 1089 2606 ν

8 2701 10 2706 .
107 2673 255 2717 munem
275 2675 350 2718 esse
371 2676 471 2749 posse
492 2648 646 2738 sineret,
671 2663 707 2718 et
734 2673 774 2716 ιιι
798 2672 1049 2748 quemcunque

8 2737 10 2848 ξ
106 2743 271 2836 demum,
286 2745 349 2845 qui
358 2745 472 2845 legem
485 2773 556 2816 non
567 2739 806 2844 implevisset,
831 2744 1053 2818 animadver-

8 2859 10 2906 ἰ
60 2858 68 2874 ”
108 2843 257 2914 tendum
278 2843 413 2914 duriter
446 2843 689 2915 arbitraretur.
819 2855 822 2862 '

8 2997 10 3004 Α
155 2939 294 3012 Scilicet
326 2942 443 3013 extitit
468 2942 679 3041 aliquandb,
714 2951 777 3014 aut
805 2939 1051 3041 consequenti-

8 3047 10 3108 ζ
107 3035 175 3108 bus
201 3044 296 3108 retrb
318 3038 533 3138 temporibus
555 3040 679 3110 existet
703 3038 899 3139 Legislator
923 3037 1051 3136 aliquis

106 3149 184 3205 tam
198 3137 399 3234 perspicax,
424 3154 461 3232 et
475 3135 586 3208 litturi
608 3155 687 3237 post
711 3164 747 3206 se
772 3134 937 3234 temporis
958 3160 1054 3204 scru-

106 3248 201 3302 tator
232 3250 307 3304 tam
334 3251 542 3327 accuratus,
572 3252 614 3305 ut
642 3231 843 3334 praeviderit
859 3229 948 3302 nihil
968 3258 1051 3303 con·

104 3331 158 3400 tin
185 3357 244 3402 ere
278 3336 437 3433 unqulun
461 3360 578 3432 posse,
608 3331 705 3430 quod
728 3329 862 3400 latastl
896 3329 1055 3428 seleges

105 3357 337 3527 infflingeret,
354 3430 443 3504 nihil
460 3431 554 3544 quod
577 3429 709 3500 eisdem
727 3423 951 3500 observandis
973 3455 1052 3498 mo-

104 3552 185 3595 ram
216 3523 381 3618 afferret,
413 3527 502 3600 nihil
534 3527 653 3629 quod,
690 3553 734 3598 ne
762 3525 908 3598 minime
942 3523 1053 3595 etiam

102 3622 341 3724 implerentur
365 3626 579 3716 identidem,
622 3623 811 3696 rebiberet.
980 3619 986 3628 ’

154 3722 265 3816 Qubd
283 3717 312 3796 si
333 3723 528 3824 Legislator
552 3751 577 3794 n
616 3726 670 3794 lus
692 3723 884 3822 proevidere
906 3719 1055 3822 potuit,
