2736 4414
225 223 374 356 '56l
520 285 975 342 ‘nassonem

310 386 392 458 novi
412 411 488 457 rem
508 413 588 458 esse
610 387 758 460 arduam
783 415 823 460 ac
841 385 1017 464 difficilem
1028 440 1040 480 ,
1062 413 1248 488 personam

308 501 382 556 tam
395 483 544 554 solemni
554 482 948 558 inTheatrosustinere.
959 487 1098 556 Tamen
1110 487 1246 558 nisime

306 577 436 651 fallunt
452 579 495 672 ii,
520 597 671 681 quoruni
691 599 744 654 est
769 584 812 654 de
834 589 914 655 med
932 584 1180 684 qualicumque
1199 585 1247 656 ad

306 704 387 748 eam
397 679 480 748 ¹nem
494 675 659 750 facultate
676 677 767 751 ferre
782 679 950 778 judicium
964 709 975 770 3
994 707 1033 752 ac
1046 682 1112 752 nisi
1123 683 1174 752 de
1186 710 1246 753 ms

304 773 398 874 ipso,
446 776 696 867 uidsentiam,
719 779 815 877 apud
842 796 1025 876 parentem
1047 777 1248 849 amantissi-

304 899 405 943 mum
419 803 590 971 deponere
602 874 787 966 dubitem3
802 903 872 946 non
889 891 1082 976 postremas
1102 872 1190 947 forte
1205 877 1246 947 in

304 971 598 1070 agenddpeisond
614 973 722 1042 etiam
741 973 909 1070 primaria
924 988 1041 1074 partes
1055 970 1146 1044 ferre
1157 1001 1242 1073 pos·

303 1070 382 1138 sim.
393 1070 456 1140 Est
466 1069 554 1140 mihi
566 1097 637 1140 non
647 1071 853 1162 invenusta,
867 1069 1136 1170 quamlaudasti
1147 1071 1242 1169 ipse,

301 1167 451 1265 corporis
464 1164 687 1239 conlonnatio
699 1219 711 1260 ,
726 1195 798 1238 non
808 1168 988 1267 inelegans
999 1168 1172 1258 incessus,
1184 1195 1242 1239 ac-

300 1261 349 1360 ¹tio
364 1261 446 1334 satis
455 1263 820 1338 liberalis.Accedunt
842 1264 954 1337 latera
964 1263 1086 1356 firma,
1113 1291 1241 1336 canora

300 1387 368 1431 vox
385 1377 421 1432 et
435 1361 626 1454 distincta,
650 1388 731 1463 quae
758 1389 922 1462 capacem
942 1362 1061 1452 aulam
1079 1363 1238 1460 impleat.

298 1457 459 1555 Adjecit,
473 1477 515 1530 ut
534 1457 651 1531 fatear
660 1459 759 1561 quod
779 1487 841 1532 ‘res
867 1476 941 1549 est,
968 1459 1241 1531 incitamentum

206 1630 209 1643 ,
298 1582 369 1626 non
388 1557 466 1628 leve
489 1557 569 1650 illa,
602 1584 710 1658 quam
745 1557 813 1629 sibi
853 1557 955 1630 annis
989 1556 1242 1656 posterioribus

298 1653 433 1729 sodales
447 1655 752 1769 meipepererunt,
773 1655 811 1726 in
832 1656 898 1726 hac
917 1653 1070 1754 palestra
1088 1653 1243 1726 nominis

295 1755 565 1824 commendatio.
584 1753 743 1824 Incendit
757 1753 867 1823 etiam
887 1752 1121 1842 desiderium,
1166 1751 1240 1821 uod

294 1848 400 1918 audio
430 1850 588 1920 omnium
610 1849 811 1920 rumon'bus
840 1849 977 1940 ⁸actari,
1006 1779 1242 1948 Tragoediam

293 1942 367 2016 fore
385 1945 449 2018 hoc
462 1975 552 2018 anno
572 1946 813 2018 bellissimam.
833 1879 959 2017 l'irum
971 1945 1082 2034 nosti,
1101 1947 1240 2036 Pater,
1276 1941 1284 1960 '

293 2041 356 2143 qui
369 2043 528 2112 solennes
544 2043 644 2111 ludos
662 2044 821 2110 editurus
845 2055 916 2130 est,
937 2037 1046 2139 proli!
1071 2039 1184 2206 qpalis
1201 2055 1241 2114 et

290 2133 450 2304 quantus
459 2136 469 2206 l
491 2137 600 2236 quam
622 2134 706 2208 laeta
721 2131 787 2207 sub
809 2133 872 2206 tali
888 2134 1092 2246 magistron
1118 2129 1240 2212 errimi

325 2236 425 2328 uctds
446 2259 527 2332 spes,
548 2230 719 2398 affulfietl
745 2237 767 2301 tl
788 2231 817 2307 si
835 2229 909 2304 filio
926 2232 1103 2333 carissimo
1117 2233 1237 2306 indul·

291 2348 370 2402 tum
382 2329 420 2400 id
436 2327 545 2402 velis!
561 2333 581 2398 d
594 2329 623 2398 si
662 2356 726 2399 anc
739 2325 845 2400 facias
860 2329 971 2401 bonus
979 2382 991 2420 ,
1010 2356 1119 2496 qqam
1131 2347 1234 2432 peto,

291 2427 548 2500 exercitationis
576 2425 734 2526 copiam!
755 2425 872 2498 nullus
893 2453 957 2526 ego
979 2425 1028 2498 du
1053 2428 1158 2519 item,
1181 2429 1236 2500 ita

290 2554 348 2616 me
370 2521 537 2598 affecmm
554 2523 691 2626 sentio,
711 2523 797 2636 quin
809 2553 869 2620 me
886 2551 957 2594 non
971 2524 1236 2628 declamationis
1357 2611 1358 2614 Ἴ

289 2622 418 2712 ῃιοάὸ,’
429 2624 496 2692 ‘sed
514 2623 623 2693 etiam
633 2621 836 2692 eruditionis
849 2621 1016 2692 donatum
1033 2615 1173 2692 Laurea
1185 2623 1236 2694 sis
1355 2669 1357 2690 .

288 2719 529 2820 amplexurus.
551 2717 794 2788 Deterrebunt
812 2715 900 2786 forte
916 2715 1074 2816 quipiam
1089 2720 1237 2816 quomi-

210 2841 213 2848 '
252 2833 254 2838 ’
287 2816 354 2890 ntis
372 2808 411 2886 id
428 2809 584 2910 arinuasj
604 2829 639 2884 et
656 2809 901 2883 difficultatem
920 2821 1119 2912 temporum
1143 2840 1230 2886 cau-

287 2905 540 2986 sabaniani
580 2909 729 2983 uantu'la
751 2909 909 3008 impensa
926 2926 997 3000 est,
1016 2909 1107 2982 hanc
1122 2911 1149 2981 si
1165 2939 1229 2982 cu-

287 3009 423 3084 mulata
439 3009 547 3108 p¹atris
554 2937 687 3080 laetitia
706 3003 922 3106 compenset!
950 3007 1028 3077 Hoc
1045 3003 1229 3106 providere

287 3137 407 3181 meum
420 3103 495 3198 est}
516 3107 640 3197 Pater,
662 3121 759 3176 nete
778 3106 952 3206 poeniteat
964 3109 1157 3208 compotem
1169 3135 1229 3180 me

286 3225 448 3280 votorum
464 3194 632 3275 effecisse.
654 3198 767 3276 Vale(
801 3195 805 3226 ¹
923 3212 926 3220 ’

288 3340 1227 3436 mmmmm-mmm

401 3499 797 3622 'n'useonsm
833 3523 1075 3617 enanis,

286 3638 460 3768 Laron
482 3713 546 3790 ego
572 3687 783 3788 plurimum,
804 3685 873 3757 Fili
889 3685 1086 3779 carissime,
1110 3685 1173 3788 qui
1192 3691 1226 3757 te*

284 3790 497 3862 nactus.sim
519 3802 749 3886 paternarum
763 3785 1041 3886 praeceptionum
1056 3802 1130 3858 tam
1147 3811 1223 3856 me·
1322 3807 1331 3875 .'
