<?xml version="1.0" encoding="UTF-8"?>
<!DOCTYPE html PUBLIC "-//W3C//DTD XHTML 1.0 Transitional//EN"
    "http://www.w3.org/TR/xhtml1/DTD/xhtml1-transitional.dtd">
<html xmlns="http://www.w3.org/1999/xhtml" xml:lang="en" lang="en">
 <head>
  <title>
</title>
<meta http-equiv="Content-Type" content="text/html;charset=utf-8" />
  <meta name='ocr-system' content='tesseract 3.04.00' />
  <meta name='ocr-capabilities' content='ocr_page ocr_carea ocr_par ocr_line ocrx_word'/>
</head>
<body>
  <div class='ocr_page' id='page_1' title='image "./bibliothecarhet01jaygoog/bibliothecarhet01jaygoog_0393.png"; bbox 0 0 2766 4412; ppageno 0'>
   <div class='ocr_carea' id='block_1_1' title="bbox 348 219 1093 320">
    <p class='ocr_par' dir='ltr' id='par_1_1' title="bbox 348 219 1093 320">
     <span class='ocr_line' id='line_1_1' title="bbox 348 219 1093 320; baseline 0.004 -25"><span class='ocrx_word' id='word_1_1' title='bbox 348 247 525 296; x_wconf 79' lang='lat' dir='ltr'><strong>nrnrn</strong></span> <span class='ocrx_word' id='word_1_2' title='bbox 572 243 880 294; x_wconf 78' lang='lat' dir='ltr'><strong>sncuunus.</strong></span> <span class='ocrx_word' id='word_1_3' title='bbox 1018 219 1093 320; x_wconf 82' lang='grc'><strong>395</strong></span> 
     </span>
    </p>
   </div>
   <div class='ocr_carea' id='block_1_2' title="bbox 150 343 1100 1911">
    <p class='ocr_par' dir='ltr' id='par_1_2' title="bbox 150 343 1098 1007">
     <span class='ocr_line' id='line_1_2' title="bbox 150 343 1095 490; baseline -0.003 -68"><span class='ocrx_word' id='word_1_4' title='bbox 150 371 230 422; x_wconf 82' lang='lat' dir='ltr'><strong>mus</strong></span> <span class='ocrx_word' id='word_1_5' title='bbox 254 344 409 436; x_wconf 85' lang='lat' dir='ltr'><strong>animos,</strong></span> <span class='ocrx_word' id='word_1_6' title='bbox 436 361 473 418; x_wconf 91' lang='lat' dir='ltr'><strong>et</strong></span> <span class='ocrx_word' id='word_1_7' title='bbox 491 343 697 445; x_wconf 82' lang='lat' dir='ltr'><strong>potentibus</strong></span> <span class='ocrx_word' id='word_1_8' title='bbox 723 343 896 417; x_wconf 82' lang='lat' dir='ltr'><strong>illecebris</strong></span> <span class='ocrx_word' id='word_1_9' title='bbox 914 343 954 415; x_wconf 89' lang='lat' dir='ltr'><strong>in</strong></span> <span class='ocrx_word' id='word_1_10' title='bbox 975 363 1095 490; x_wconf 68' lang='lat' dir='ltr'><strong>qrartes</strong></span> 
     </span>
     <span class='ocr_line' id='line_1_3' title="bbox 150 442 1094 556; baseline 0 -40"><span class='ocrx_word' id='word_1_11' title='bbox 150 455 285 516; x_wconf 84' lang='lat' dir='ltr'><strong>nostras</strong></span> <span class='ocrx_word' id='word_1_12' title='bbox 302 443 561 556; x_wconf 75' lang='lat' dir='ltr'><strong>pertrahamus.</strong></span> <span class='ocrx_word' id='word_1_13' title='bbox 581 442 681 535; x_wconf 88' lang='lat' dir='ltr'><strong>Quid</strong></span> <span class='ocrx_word' id='word_1_14' title='bbox 699 443 801 514; x_wconf 88' lang='lat' dir='ltr'><strong>aiunt</strong></span> <span class='ocrx_word' id='word_1_15' title='bbox 816 443 987 514; x_wconf 84' lang='lat' dir='ltr'><strong>Parisini.</strong></span> <span class='ocrx_word' id='word_1_16' title='bbox 1007 444 1094 543; x_wconf 92' lang='lat' dir='ltr'><strong>quid</strong></span> 
     </span>
     <span class='ocr_line' id='line_1_4' title="bbox 152 539 1098 641; baseline -0.008 -23"><span class='ocrx_word' id='word_1_17' title='bbox 152 543 348 618; x_wconf 84' lang='lat' dir='ltr'><strong>Aremonci</strong></span> <span class='ocrx_word' id='word_1_18' title='bbox 365 541 548 618; x_wconf 68' lang='lat' dir='ltr'><strong>dictitanti</strong></span> <span class='ocrx_word' id='word_1_19' title='bbox 567 541 654 641; x_wconf 89' lang='lat' dir='ltr'><strong>quid</strong></span> <span class='ocrx_word' id='word_1_20' title='bbox 662 542 837 612; x_wconf 80' lang='lat' dir='ltr'><strong>Vascones</strong></span> <span class='ocrx_word' id='word_1_21' title='bbox 853 539 1098 612; x_wconf 69' lang='lat' dir='ltr'><strong>mentiuntur&#39;l</strong></span> 
     </span>
     <span class='ocr_line' id='line_1_5' title="bbox 153 636 1097 747; baseline 0 -37"><span class='ocrx_word' id='word_1_22' title='bbox 153 639 261 731; x_wconf 88' lang='lat' dir='ltr'><strong>Quod</strong></span> <span class='ocrx_word' id='word_1_23' title='bbox 278 636 425 712; x_wconf 66' lang='lat' dir='ltr'><strong>lecimus</strong></span> <span class='ocrx_word' id='word_1_24' title='bbox 450 667 623 747; x_wconf 89' lang='lat' dir='ltr'><strong>cumque,</strong></span> <span class='ocrx_word' id='word_1_25' title='bbox 651 665 751 709; x_wconf 89' lang='lat' dir='ltr'><strong>mera</strong></span> <span class='ocrx_word' id='word_1_26' title='bbox 766 638 961 728; x_wconf 78' lang='lat' dir='ltr'><strong>cavillatio,</strong></span> <span class='ocrx_word' id='word_1_27' title='bbox 997 665 1097 710; x_wconf 84' lang='lat' dir='ltr'><strong>mera</strong></span> 
     </span>
     <span class='ocr_line' id='line_1_6' title="bbox 152 734 1096 836; baseline -0.008 -22"><span class='ocrx_word' id='word_1_28' title='bbox 152 737 309 814; x_wconf 72' lang='lat' dir='ltr'><strong>adulatio</strong></span> <span class='ocrx_word' id='word_1_29' title='bbox 338 755 404 810; x_wconf 86' lang='lat' dir='ltr'><strong>est.</strong></span> <span class='ocrx_word' id='word_1_30' title='bbox 432 739 468 810; x_wconf 88' lang='grc' dir='ltr'>Ο</span> <span class='ocrx_word' id='word_1_31' title='bbox 489 735 646 809; x_wconf 81' lang='lat' dir='ltr'><strong>inlelices</strong></span> <span class='ocrx_word' id='word_1_32' title='bbox 667 737 912 828; x_wconf 88' lang='lat' dir='ltr'><strong>Normannos,</strong></span> <span class='ocrx_word' id='word_1_33' title='bbox 941 734 1096 836; x_wconf 88' lang='lat' dir='ltr'><strong>quibus,</strong></span> 
     </span>
     <span class='ocr_line' id='line_1_7' title="bbox 153 834 1097 925; baseline 0.002 -21"><span class='ocrx_word' id='word_1_34' title='bbox 153 861 234 904; x_wconf 90' lang='lat' dir='ltr'><strong>cum</strong></span> <span class='ocrx_word' id='word_1_35' title='bbox 270 837 477 908; x_wconf 82' lang='lat' dir='ltr'><strong>suavissimo</strong></span> <span class='ocrx_word' id='word_1_36' title='bbox 505 837 679 908; x_wconf 83' lang='lat' dir='ltr'><strong>virtutum</strong></span> <span class='ocrx_word' id='word_1_37' title='bbox 713 835 909 925; x_wconf 86' lang='lat' dir='ltr'><strong>comitatu,</strong></span> <span class='ocrx_word' id='word_1_38' title='bbox 954 834 1097 906; x_wconf 78' lang='lat' dir='ltr'><strong>virmtis</strong></span> 
     </span>
     <span class='ocr_line' id='line_1_8' title="bbox 152 929 919 1007; baseline 0.003 -5"><span class='ocrx_word' id='word_1_39' title='bbox 152 929 270 1007; x_wconf 81' lang='lat' dir='ltr'><strong>fructu</strong></span> <span class='ocrx_word' id='word_1_40' title='bbox 288 931 358 1004; x_wconf 84' lang='lat' dir='ltr'><strong>frui</strong></span> <span class='ocrx_word' id='word_1_41' title='bbox 371 961 443 1006; x_wconf 91' lang='lat' dir='ltr'><strong>non</strong></span> <span class='ocrx_word' id='word_1_42' title='bbox 460 932 588 1006; x_wconf 78' lang='lat' dir='ltr'><strong>liceat!</strong></span> <span class='ocrx_word' id='word_1_43' title='bbox 915 954 919 969; x_wconf 74' lang='lat'><em>&#39;</em></span> 
     </span>
    </p>

    <p class='ocr_par' dir='ltr' id='par_1_3' title="bbox 150 1030 1100 1911">
     <span class='ocr_line' id='line_1_9' title="bbox 188 1030 1097 1130; baseline 0.003 -31"><span class='ocrx_word' id='word_1_44' title='bbox 188 1030 342 1110; x_wconf 75' lang='lat' dir='ltr'><strong>‚Tamen</strong></span> <span class='ocrx_word' id='word_1_45' title='bbox 366 1033 407 1103; x_wconf 91' lang='lat' dir='ltr'><strong>in</strong></span> <span class='ocrx_word' id='word_1_46' title='bbox 436 1031 659 1103; x_wconf 88' lang='lat' dir='ltr'><strong>Normannos</strong></span> <span class='ocrx_word' id='word_1_47' title='bbox 685 1033 785 1103; x_wconf 88' lang='lat' dir='ltr'><strong>insur</strong></span> <span class='ocrx_word' id='word_1_48' title='bbox 809 1047 896 1122; x_wconf 89' lang='lat' dir='ltr'><strong>ant,</strong></span> <span class='ocrx_word' id='word_1_49' title='bbox 923 1034 1097 1130; x_wconf 76' lang='lat' dir='ltr'><strong>quantum</strong></span> 
     </span>
     <span class='ocr_line' id='line_1_10' title="bbox 152 1057 1096 1242; baseline -0.005 -40"><span class='ocrx_word' id='word_1_50' title='bbox 152 1126 271 1202; x_wconf 73' lang='lat' dir='ltr'><strong>volent</strong></span> <span class='ocrx_word' id='word_1_51' title='bbox 288 1129 403 1242; x_wconf 90' lang='lat' dir='ltr'><strong>iniqui</strong></span> <span class='ocrx_word' id='word_1_52' title='bbox 425 1129 700 1221; x_wconf 81' lang='lat' dir='ltr'><strong>obtrectatores,</strong></span> <span class='ocrx_word' id='word_1_53' title='bbox 721 1057 812 1200; x_wconf 85' lang='lat' dir='ltr'><strong>nibil</strong></span> <span class='ocrx_word' id='word_1_54' title='bbox 832 1155 895 1199; x_wconf 90' lang='lat' dir='ltr'><strong>nos</strong></span> <span class='ocrx_word' id='word_1_55' title='bbox 923 1127 981 1199; x_wconf 84' lang='lat' dir='ltr'><strong>vel</strong></span> <span class='ocrx_word' id='word_1_56' title='bbox 996 1128 1096 1240; x_wconf 74' lang='lat' dir='ltr'><strong>inge·</strong></span> 
     </span>
     <span class='ocr_line' id='line_1_11' title="bbox 152 1224 1096 1328; baseline 0 -32"><span class='ocrx_word' id='word_1_57' title='bbox 152 1224 231 1316; x_wconf 88' lang='lat' dir='ltr'><strong>nii,</strong></span> <span class='ocrx_word' id='word_1_58' title='bbox 257 1227 322 1299; x_wconf 76' lang='lat' dir='ltr'><strong>¹vel</strong></span> <span class='ocrx_word' id='word_1_59' title='bbox 349 1227 498 1313; x_wconf 75' lang='lat' dir='ltr'><strong>indolis,</strong></span> <span class='ocrx_word' id='word_1_60' title='bbox 527 1255 636 1328; x_wconf 90' lang='lat' dir='ltr'><strong>quam</strong></span> <span class='ocrx_word' id='word_1_61' title='bbox 661 1227 849 1326; x_wconf 88' lang='lat' dir='ltr'><strong>accipimus</strong></span> <span class='ocrx_word' id='word_1_62' title='bbox 877 1231 898 1296; x_wconf 70' lang='lat' dir='ltr'><strong>al</strong></span> <span class='ocrx_word' id='word_1_63' title='bbox 929 1226 1096 1324; x_wconf 87' lang='lat' dir='ltr'><strong>Supens,</strong></span> 
     </span>
     <span class='ocr_line' id='line_1_12' title="bbox 152 1323 1098 1424; baseline -0.002 -29"><span class='ocrx_word' id='word_1_64' title='bbox 152 1323 351 1421; x_wconf 79' lang='lat' dir='ltr'><strong>paenitebit.</strong></span> <span class='ocrx_word' id='word_1_65' title='bbox 380 1327 503 1424; x_wconf 84' lang='lat' dir='ltr'><strong>Atque</strong></span> <span class='ocrx_word' id='word_1_66' title='bbox 529 1341 572 1394; x_wconf 90' lang='lat' dir='ltr'><strong>ut</strong></span> <span class='ocrx_word' id='word_1_67' title='bbox 600 1327 718 1396; x_wconf 85' lang='lat' dir='ltr'><strong>norint</strong></span> <span class='ocrx_word' id='word_1_68' title='bbox 744 1324 937 1396; x_wconf 86' lang='lat' dir='ltr'><strong>adversarii</strong></span> <span class='ocrx_word' id='word_1_69' title='bbox 959 1323 1098 1409; x_wconf 89' lang='lat' dir='ltr'><strong>nostri,</strong></span> 
     </span>
     <span class='ocr_line' id='line_1_13' title="bbox 154 1421 1100 1521; baseline 0 -31"><span class='ocrx_word' id='word_1_70' title='bbox 154 1426 330 1518; x_wconf 80' lang='lat' dir='ltr'><strong>quantum</strong></span> <span class='ocrx_word' id='word_1_71' title='bbox 345 1439 382 1493; x_wconf 90' lang='lat' dir='ltr'><strong>et</strong></span> <span class='ocrx_word' id='word_1_72' title='bbox 403 1421 553 1492; x_wconf 87' lang='lat' dir='ltr'><strong>bonitati</strong></span> <span class='ocrx_word' id='word_1_73' title='bbox 573 1433 687 1494; x_wconf 76' lang='lat' dir='ltr'><strong>causae</strong></span> <span class='ocrx_word' id='word_1_74' title='bbox 704 1439 740 1493; x_wconf 91' lang='lat' dir='ltr'><strong>et</strong></span> <span class='ocrx_word' id='word_1_75' title='bbox 761 1421 921 1518; x_wconf 87' lang='lat' dir='ltr'><strong>judicum</strong></span> <span class='ocrx_word' id='word_1_76' title='bbox 938 1421 1100 1521; x_wconf 82' lang='lat' dir='ltr'><strong>aequitati</strong></span> 
     </span>
     <span class='ocr_line' id='line_1_14' title="bbox 154 1513 1099 1619; baseline 0.002 -33"><span class='ocrx_word' id='word_1_77' title='bbox 154 1513 588 1619; x_wconf 79' lang='lat' dir='ltr'><strong>confidamus,.parcemus</strong></span> <span class='ocrx_word' id='word_1_78' title='bbox 611 1519 649 1591; x_wconf 89' lang='lat' dir='ltr'><strong>in</strong></span> <span class='ocrx_word' id='word_1_79' title='bbox 673 1547 731 1590; x_wconf 86' lang='lat' dir='ltr'><strong>eos</strong></span> <span class='ocrx_word' id='word_1_80' title='bbox 758 1518 944 1590; x_wconf 87' lang='lat' dir='ltr'><strong>maledicta</strong></span> <span class='ocrx_word' id='word_1_81' title='bbox 971 1543 1099 1618; x_wconf 82' lang='lat' dir='ltr'><strong>conge·</strong></span> 
     </span>
     <span class='ocr_line' id='line_1_15' title="bbox 150 1615 1099 1718; baseline 0.001 -34"><span class='ocrx_word' id='word_1_82' title='bbox 150 1641 249 1706; x_wconf 83' lang='lat' dir='ltr'><strong>rere,</strong></span> <span class='ocrx_word' id='word_1_83' title='bbox 273 1618 336 1716; x_wconf 92' lang='lat' dir='ltr'><strong>qui</strong></span> <span class='ocrx_word' id='word_1_84' title='bbox 358 1645 420 1688; x_wconf 90' lang='lat' dir='ltr'><strong>nos</strong></span> <span class='ocrx_word' id='word_1_85' title='bbox 447 1615 647 1688; x_wconf 84' lang='lat' dir='ltr'><strong>maledictis</strong></span> <span class='ocrx_word' id='word_1_86' title='bbox 677 1619 929 1718; x_wconf 79' lang='lat' dir='ltr'><strong>appetierunt5</strong></span> <span class='ocrx_word' id='word_1_87' title='bbox 965 1634 1001 1688; x_wconf 91' lang='lat' dir='ltr'><strong>et</strong></span> <span class='ocrx_word' id='word_1_88' title='bbox 1024 1617 1099 1686; x_wconf 69' lang='lat' dir='ltr'><strong>und</strong></span> 
     </span>
     <span class='ocr_line' id='line_1_16' title="bbox 154 1711 1097 1814; baseline 0 -30"><span class='ocrx_word' id='word_1_89' title='bbox 154 1711 284 1784; x_wconf 83' lang='lat' dir='ltr'><strong>virtute</strong></span> <span class='ocrx_word' id='word_1_90' title='bbox 298 1715 471 1804; x_wconf 83' lang='lat' dir='ltr'><strong>contenti,</strong></span> <span class='ocrx_word' id='word_1_91' title='bbox 486 1714 627 1784; x_wconf 82' lang='lat' dir='ltr'><strong>virtutis</strong></span> <span class='ocrx_word' id='word_1_92' title='bbox 644 1716 752 1786; x_wconf 89' lang='lat' dir='ltr'><strong>etiam</strong></span> <span class='ocrx_word' id='word_1_93' title='bbox 769 1715 936 1814; x_wconf 82' lang='lat' dir='ltr'><strong>praemio,</strong></span> <span class='ocrx_word' id='word_1_94' title='bbox 956 1715 985 1786; x_wconf 88' lang='lat' dir='ltr'><strong>si</strong></span> <span class='ocrx_word' id='word_1_95' title='bbox 996 1740 1097 1814; x_wconf 88' lang='lat' dir='ltr'><strong>opor-</strong></span> 
     </span>
     <span class='ocr_line' id='line_1_17' title="bbox 154 1812 840 1911; baseline -0.001 -29"><span class='ocrx_word' id='word_1_96' title='bbox 154 1823 248 1902; x_wconf 79' lang='lat' dir='ltr'><strong>teat,</strong></span> <span class='ocrx_word' id='word_1_97' title='bbox 267 1812 359 1884; x_wconf 85' lang='lat' dir='ltr'><strong>ultrb</strong></span> <span class='ocrx_word' id='word_1_98' title='bbox 375 1812 612 1911; x_wconf 85' lang='lat' dir='ltr'><strong>lubenterque</strong></span> <span class='ocrx_word' id='word_1_99' title='bbox 630 1813 840 1884; x_wconf 88' lang='lat' dir='ltr'><strong>carebimus.</strong></span> 
     </span>
    </p>
   </div>
   <div class='ocr_carea' id='block_1_3' title="bbox 458 2025 790 2071">
    <p class='ocr_par' dir='ltr' id='par_1_4' title="bbox 458 2025 790 2071">
     <span class='ocr_line' id='line_1_18' title="bbox 458 2025 790 2071; baseline -0.003 -1"><span class='ocrx_word' id='word_1_100' title='bbox 458 2025 790 2071; x_wconf 75' lang='lat' dir='ltr'><strong>PARISINUS·</strong></span> 
     </span>
    </p>
   </div>
   <div class='ocr_carea' id='block_1_4' title="bbox 49 2186 1194 3850">
    <p class='ocr_par' dir='ltr' id='par_1_5' title="bbox 49 2186 1194 3068">
     <span class='ocr_line' id='line_1_19' title="bbox 208 2186 1100 2299; baseline 0.003 -41"><span class='ocrx_word' id='word_1_101' title='bbox 208 2187 306 2277; x_wconf 84' lang='lat' dir='ltr'><strong>Quid</strong></span> <span class='ocrx_word' id='word_1_102' title='bbox 334 2187 430 2285; x_wconf 76' lang='lat' dir='ltr'><strong>priris</strong></span> <span class='ocrx_word' id='word_1_103' title='bbox 463 2189 593 2276; x_wconf 88' lang='lat' dir='ltr'><strong>mirer,</strong></span> <span class='ocrx_word' id='word_1_104' title='bbox 623 2201 688 2258; x_wconf 85' lang='lat' dir='ltr'><strong>aut</strong></span> <span class='ocrx_word' id='word_1_105' title='bbox 715 2187 803 2299; x_wconf 91' lang='lat' dir='ltr'><strong>quid</strong></span> <span class='ocrx_word' id='word_1_106' title='bbox 831 2187 954 2258; x_wconf 87' lang='lat' dir='ltr'><strong>mirari</strong></span> <span class='ocrx_word' id='word_1_107' title='bbox 988 2186 1100 2298; x_wconf 72' lang='lat' dir='ltr'><strong>magis</strong></span> 
     </span>
     <span class='ocr_line' id='line_1_20' title="bbox 159 2283 1101 2383; baseline -0.006 -25"><span class='ocrx_word' id='word_1_108' title='bbox 159 2286 364 2374; x_wconf 81' lang='lat' dir='ltr'><strong>conveniat,</strong></span> <span class='ocrx_word' id='word_1_109' title='bbox 383 2283 525 2358; x_wconf 86' lang='lat' dir='ltr'><strong>Judices</strong></span> <span class='ocrx_word' id='word_1_110' title='bbox 546 2285 757 2383; x_wconf 65' lang='lat' dir='ltr'><strong>aequissimrl</strong></span> <span class='ocrx_word' id='word_1_111' title='bbox 775 2312 947 2371; x_wconf 82' lang='lat' dir='ltr'><strong>novamne</strong></span> <span class='ocrx_word' id='word_1_112' title='bbox 965 2310 1011 2354; x_wconf 84' lang='lat' dir='ltr'><strong>ao</strong></span> <span class='ocrx_word' id='word_1_113' title='bbox 1027 2310 1101 2354; x_wconf 86' lang='lat' dir='ltr'><strong>sm-</strong></span> 
     </span>
     <span class='ocr_line' id='line_1_21' title="bbox 49 2379 1102 2484; baseline -0.002 -32"><span class='ocrx_word' id='word_1_114' title='bbox 49 2423 52 2428; x_wconf 95' lang='lat'>·</span> <span class='ocrx_word' id='word_1_115' title='bbox 159 2382 317 2484; x_wconf 81' lang='lat' dir='ltr'><strong>gularem</strong></span> <span class='ocrx_word' id='word_1_116' title='bbox 340 2386 479 2481; x_wconf 79' lang='lat' dir='ltr'><strong>prorsus</strong></span> <span class='ocrx_word' id='word_1_117' title='bbox 505 2384 652 2454; x_wconf 88' lang='lat' dir='ltr'><strong>istorum</strong></span> <span class='ocrx_word' id='word_1_118' title='bbox 686 2381 870 2452; x_wconf 90' lang='lat' dir='ltr'><strong>hominum</strong></span> <span class='ocrx_word' id='word_1_119' title='bbox 891 2382 928 2452; x_wconf 90' lang='lat' dir='ltr'><strong>in</strong></span> <span class='ocrx_word' id='word_1_120' title='bbox 956 2379 1102 2452; x_wconf 89' lang='lat' dir='ltr'><strong>dicendo</strong></span> 
     </span>
     <span class='ocr_line' id='line_1_22' title="bbox 158 2477 1101 2571; baseline -0.005 -19"><span class='ocrx_word' id='word_1_121' title='bbox 158 2477 427 2571; x_wconf 83' lang='lat' dir='ltr'><strong>confidentiam,</strong></span> <span class='ocrx_word' id='word_1_122' title='bbox 448 2507 494 2557; x_wconf 88' lang='lat' dir='ltr'><strong>au</strong></span> <span class='ocrx_word' id='word_1_123' title='bbox 521 2497 675 2554; x_wconf 85' lang='lat' dir='ltr'><strong>vestram</strong></span> <span class='ocrx_word' id='word_1_124' title='bbox 696 2481 735 2550; x_wconf 90' lang='lat' dir='ltr'><strong>in</strong></span> <span class='ocrx_word' id='word_1_125' title='bbox 756 2479 887 2552; x_wconf 86' lang='lat' dir='ltr'><strong>eisdem</strong></span> <span class='ocrx_word' id='word_1_126' title='bbox 917 2477 1101 2549; x_wconf 83' lang='lat' dir='ltr'><strong>audiendis</strong></span> 
     </span>
     <span class='ocr_line' id='line_1_23' title="bbox 80 2572 1101 2680; baseline -0.007 -27"><span class='ocrx_word' id='word_1_127' title='bbox 80 2593 82 2602; x_wconf 84' lang='lat'>&#39;</span> <span class='ocrx_word' id='word_1_128' title='bbox 157 2579 416 2652; x_wconf 83' lang='lat' dir='ltr'><strong>humanitatem</strong></span> <span class='ocrx_word' id='word_1_129' title='bbox 433 2595 540 2680; x_wconf 85' lang='lat' dir='ltr'><strong>atque</strong></span> <span class='ocrx_word' id='word_1_130' title='bbox 550 2576 780 2677; x_wconf 68' lang='lat' dir='ltr'><strong>patientiam?</strong></span> <span class='ocrx_word' id='word_1_131' title='bbox 791 2579 887 2649; x_wconf 88' lang='lat' dir='ltr'><strong>Nam</strong></span> <span class='ocrx_word' id='word_1_132' title='bbox 904 2575 984 2676; x_wconf 87' lang='lat' dir='ltr'><strong>quis</strong></span> <span class='ocrx_word' id='word_1_133' title='bbox 996 2572 1101 2666; x_wconf 84' lang='lat' dir='ltr'><strong>ferat,</strong></span> 
     </span>
     <span class='ocr_line' id='line_1_24' title="bbox 159 2673 1194 2775; baseline -0.009 -23"><span class='ocrx_word' id='word_1_134' title='bbox 159 2677 284 2752; x_wconf 78' lang='lat' dir='ltr'><strong>amabo</strong></span> <span class='ocrx_word' id='word_1_135' title='bbox 298 2705 376 2769; x_wconf 87' lang='lat' dir='ltr'><strong>vos,</strong></span> <span class='ocrx_word' id='word_1_136' title='bbox 399 2683 441 2749; x_wconf 84' lang='lat' dir='ltr'><strong>eb</strong></span> <span class='ocrx_word' id='word_1_137' title='bbox 459 2678 597 2748; x_wconf 88' lang='lat' dir='ltr'><strong>venisse</strong></span> <span class='ocrx_word' id='word_1_138' title='bbox 615 2677 823 2749; x_wconf 82' lang='lat' dir='ltr'><strong>temeritatis</strong></span> <span class='ocrx_word' id='word_1_139' title='bbox 836 2701 918 2775; x_wconf 87' lang='lat' dir='ltr'><strong>pere</strong></span> <span class='ocrx_word' id='word_1_140' title='bbox 963 2673 1036 2746; x_wconf 84' lang='lat' dir='ltr'><strong>&#39;nos</strong></span> <span class='ocrx_word' id='word_1_141' title='bbox 1052 2690 1103 2744; x_wconf 74' lang='lat' dir='ltr'><strong>at</strong></span> <span class='ocrx_word' id='word_1_142' title='bbox 1187 2713 1194 2732; x_wconf 83' lang='lat'>·</span> 
     </span>
     <span class='ocr_line' id='line_1_25' title="bbox 160 2769 1102 2872; baseline -0.004 -28"><span class='ocrx_word' id='word_1_143' title='bbox 160 2800 230 2872; x_wconf 90' lang='lat' dir='ltr'><strong>que</strong></span> <span class='ocrx_word' id='word_1_144' title='bbox 254 2775 493 2864; x_wconf 69' lang='lat' dir='ltr'><strong>alienioenas,</strong></span> <span class='ocrx_word' id='word_1_145' title='bbox 516 2775 615 2847; x_wconf 90' lang='lat' dir='ltr'><strong>utin</strong></span> <span class='ocrx_word' id='word_1_146' title='bbox 637 2775 725 2848; x_wconf 91' lang='lat' dir='ltr'><strong>urbe</strong></span> <span class='ocrx_word' id='word_1_147' title='bbox 749 2777 857 2846; x_wconf 87' lang='lat' dir='ltr'><strong>totius</strong></span> <span class='ocrx_word' id='word_1_148' title='bbox 881 2800 920 2844; x_wconf 89' lang='lat' dir='ltr'><strong>or</strong></span> <span class='ocrx_word' id='word_1_149' title='bbox 945 2771 974 2842; x_wconf 90' lang='lat' dir='ltr'><strong>is</strong></span> <span class='ocrx_word' id='word_1_150' title='bbox 1000 2769 1102 2842; x_wconf 76' lang='lat' dir='ltr'><strong>facile</strong></span> 
     </span>
     <span class='ocr_line' id='line_1_26' title="bbox 160 2833 1102 2986; baseline -0.005 -44"><span class='ocrx_word' id='word_1_151' title='bbox 160 2871 327 2983; x_wconf 78' lang='lat' dir='ltr'><strong>primarial</strong></span> <span class='ocrx_word' id='word_1_152' title='bbox 358 2833 401 2941; x_wconf 81' lang='lat' dir='ltr'><strong>de</strong></span> <span class='ocrx_word' id='word_1_153' title='bbox 429 2873 628 2986; x_wconf 61' lang='lat' dir='ltr'><strong>principatu</strong></span> <span class='ocrx_word' id='word_1_154' title='bbox 653 2873 795 2972; x_wconf 85' lang='lat' dir='ltr'><strong>originis</strong></span> <span class='ocrx_word' id='word_1_155' title='bbox 827 2869 1077 2944; x_wconf 87' lang='lat' dir='ltr'><strong>contenderent</strong></span> <span class='ocrx_word' id='word_1_156' title='bbox 1089 2897 1102 2958; x_wconf 82' lang='lat'><em>3</em></span> 
     </span>
     <span class='ocr_line' id='line_1_27' title="bbox 161 2967 1103 3068; baseline -0.005 -29"><span class='ocrx_word' id='word_1_157' title='bbox 161 2993 324 3067; x_wconf 76' lang='lat' dir='ltr'><strong>ipsosque</strong></span> <span class='ocrx_word' id='word_1_158' title='bbox 346 2969 496 3048; x_wconf 85' lang='lat' dir='ltr'><strong>civitatis</strong></span> <span class='ocrx_word' id='word_1_159' title='bbox 512 2971 671 3068; x_wconf 59' lang='lat' dir='ltr'><strong>ejusdam</strong></span> <span class='ocrx_word' id='word_1_160' title='bbox 689 2969 862 3068; x_wconf 81' lang='lat' dir='ltr'><strong>indigetes</strong></span> <span class='ocrx_word' id='word_1_161' title='bbox 890 2967 1032 3040; x_wconf 87' lang='lat' dir='ltr'><strong>Judices</strong></span> <span class='ocrx_word' id='word_1_162' title='bbox 1046 2982 1103 3035; x_wconf 77' lang='lat' dir='ltr'><strong>at-</strong></span> 
     </span>
    </p>

    <p class='ocr_par' dir='ltr' id='par_1_6' title="bbox 160 3063 1101 3336">
     <span class='ocr_line' id='line_1_28' title="bbox 187 3063 1100 3166; baseline -0.004 -30"><span class='ocrx_word' id='word_1_163' title='bbox 187 3093 232 3136; x_wconf 87' lang='lat' dir='ltr'><strong>ue</strong></span> <span class='ocrx_word' id='word_1_164' title='bbox 255 3065 403 3138; x_wconf 88' lang='lat' dir='ltr'><strong>arbitros</strong></span> <span class='ocrx_word' id='word_1_165' title='bbox 425 3095 496 3138; x_wconf 87' lang='lat' dir='ltr'><strong>non</strong></span> <span class='ocrx_word' id='word_1_166' title='bbox 519 3084 752 3158; x_wconf 78' lang='lat' dir='ltr'><strong>vererentur,</strong></span> <span class='ocrx_word' id='word_1_167' title='bbox 781 3093 932 3166; x_wconf 86' lang='lat' dir='ltr'><strong>quorum</strong></span> <span class='ocrx_word' id='word_1_168' title='bbox 954 3091 1025 3136; x_wconf 90' lang='lat' dir='ltr'><strong>non</strong></span> <span class='ocrx_word' id='word_1_169' title='bbox 1043 3063 1100 3160; x_wconf 81' lang='lat' dir='ltr'><strong>ju-</strong></span> 
     </span>
     <span class='ocr_line' id='line_1_29' title="bbox 160 3093 1101 3264; baseline -0.004 -31"><span class='ocrx_word' id='word_1_170' title='bbox 160 3093 290 3234; x_wconf 79' lang='lat' dir='ltr'><strong>dicium</strong></span> <span class='ocrx_word' id='word_1_171' title='bbox 302 3165 423 3254; x_wconf 83' lang='lat' dir='ltr'><strong>ruodb,</strong></span> <span class='ocrx_word' id='word_1_172' title='bbox 438 3165 502 3236; x_wconf 83' lang='lat' dir='ltr'><strong>sed</strong></span> <span class='ocrx_word' id='word_1_173' title='bbox 512 3165 630 3239; x_wconf 74' lang='lat' dir='ltr'><strong>uultus</strong></span> <span class='ocrx_word' id='word_1_174' title='bbox 647 3167 755 3236; x_wconf 88' lang='lat' dir='ltr'><strong>etiam</strong></span> <span class='ocrx_word' id='word_1_175' title='bbox 770 3181 878 3264; x_wconf 82' lang='lat' dir='ltr'><strong>atque</strong></span> <span class='ocrx_word' id='word_1_176' title='bbox 892 3161 1007 3233; x_wconf 87' lang='lat' dir='ltr'><strong>oculos</strong></span> <span class='ocrx_word' id='word_1_177' title='bbox 1018 3185 1101 3259; x_wconf 83' lang='lat' dir='ltr'><strong>per-</strong></span> 
     </span>
     <span class='ocr_line' id='line_1_30' title="bbox 160 3260 587 3336; baseline 0.002 -2"><span class='ocrx_word' id='word_1_178' title='bbox 160 3260 342 3334; x_wconf 85' lang='lat' dir='ltr'><strong>timescere</strong></span> <span class='ocrx_word' id='word_1_179' title='bbox 359 3261 587 3336; x_wconf 82' lang='lat' dir='ltr'><strong>debuissent..</strong></span> 
     </span>
    </p>

    <p class='ocr_par' dir='ltr' id='par_1_7' title="bbox 161 3357 1104 3850">
     <span class='ocr_line' id='line_1_31' title="bbox 209 3357 1101 3459; baseline -0.004 -29"><span class='ocrx_word' id='word_1_180' title='bbox 209 3359 387 3459; x_wconf 89' lang='lat' dir='ltr'><strong>Equidem</strong></span> <span class='ocrx_word' id='word_1_181' title='bbox 411 3360 474 3432; x_wconf 76' lang='lat' dir='ltr'><strong>dib</strong></span> <span class='ocrx_word' id='word_1_182' title='bbox 498 3360 722 3458; x_wconf 72' lang='lat' dir='ltr'><strong>multumque</strong></span> <span class='ocrx_word' id='word_1_183' title='bbox 738 3358 917 3448; x_wconf 84' lang='lat' dir='ltr'><strong>dubitavi,</strong></span> <span class='ocrx_word' id='word_1_184' title='bbox 939 3357 1101 3446; x_wconf 85' lang='lat' dir='ltr'><strong>Judices,</strong></span> 
     </span>
     <span class='ocr_line' id='line_1_32' title="bbox 161 3455 1101 3558; baseline -0.002 -32"><span class='ocrx_word' id='word_1_185' title='bbox 161 3483 247 3528; x_wconf 89' lang='lat' dir='ltr'><strong>num</strong></span> <span class='ocrx_word' id='word_1_186' title='bbox 271 3455 389 3530; x_wconf 84' lang='lat' dir='ltr'><strong>futiles</strong></span> <span class='ocrx_word' id='word_1_187' title='bbox 411 3457 509 3530; x_wconf 88' lang='lat' dir='ltr'><strong>inani</strong></span> <span class='ocrx_word' id='word_1_188' title='bbox 531 3456 719 3528; x_wconf 83' lang='lat' dir='ltr'><strong>verborum</strong></span> <span class='ocrx_word' id='word_1_189' title='bbox 746 3459 872 3558; x_wconf 77' lang='lat' dir='ltr'><strong>pompd</strong></span> <span class='ocrx_word' id='word_1_190' title='bbox 891 3456 1101 3546; x_wconf 81' lang='lat' dir='ltr'><strong>oratiuncu-</strong></span> 
     </span>
     <span class='ocr_line' id='line_1_33' title="bbox 161 3551 1103 3656; baseline -0.002 -32"><span class='ocrx_word' id='word_1_191' title='bbox 161 3551 213 3624; x_wconf 86' lang='lat' dir='ltr'><strong>las</strong></span> <span class='ocrx_word' id='word_1_192' title='bbox 233 3553 461 3628; x_wconf 82' lang='lat' dir='ltr'><strong>confutandss</strong></span> <span class='ocrx_word' id='word_1_193' title='bbox 477 3557 707 3656; x_wconf 82' lang='lat' dir='ltr'><strong>aggrederer,</strong></span> <span class='ocrx_word' id='word_1_194' title='bbox 732 3571 769 3626; x_wconf 93' lang='lat' dir='ltr'><strong>et</strong></span> <span class='ocrx_word' id='word_1_195' title='bbox 787 3571 861 3626; x_wconf 90' lang='lat' dir='ltr'><strong>tam</strong></span> <span class='ocrx_word' id='word_1_196' title='bbox 883 3581 946 3655; x_wconf 89' lang='lat' dir='ltr'><strong>per</strong></span> <span class='ocrx_word' id='word_1_197' title='bbox 987 3555 1103 3624; x_wconf 88' lang='lat' dir='ltr'><strong>icuam</strong></span> 
     </span>
     <span class='ocr_line' id='line_1_34' title="bbox 163 3653 1102 3755; baseline 0.001 -35"><span class='ocrx_word' id='word_1_198' title='bbox 163 3666 392 3752; x_wconf 79' lang='lat' dir='ltr'><strong>apertamque</strong></span> <span class='ocrx_word' id='word_1_199' title='bbox 412 3653 664 3754; x_wconf 81' lang='lat' dir='ltr'><strong>Parisini·ju1is</strong></span> <span class='ocrx_word' id='word_1_200' title='bbox 679 3653 925 3755; x_wconf 84' lang='lat' dir='ltr'><strong>antiquitatem</strong></span> <span class='ocrx_word' id='word_1_201' title='bbox 977 3653 1010 3722; x_wconf 95' lang='lat' dir='ltr'><strong>lo</strong></span> <span class='ocrx_word' id='word_1_202' title='bbox 1023 3675 1102 3722; x_wconf 86' lang='lat' dir='ltr'><strong>ora-</strong></span> 
     </span>
     <span class='ocr_line' id='line_1_35' title="bbox 161 3746 1104 3850; baseline -0.002 -30"><span class='ocrx_word' id='word_1_203' title='bbox 161 3747 265 3822; x_wconf 81' lang='lat' dir='ltr'><strong>tionis</strong></span> <span class='ocrx_word' id='word_1_204' title='bbox 289 3753 450 3850; x_wconf 75' lang='lat' dir='ltr'><strong>prasidio</strong></span> <span class='ocrx_word' id='word_1_205' title='bbox 481 3749 751 3828; x_wconf 74' lang='lat' dir='ltr'><strong>confirmarent</strong></span> <span class='ocrx_word' id='word_1_206' title='bbox 779 3754 915 3828; x_wconf 70' lang='lat' dir='ltr'><strong>Varum</strong></span> <span class='ocrx_word' id='word_1_207' title='bbox 928 3775 989 3840; x_wconf 59' lang='lat' dir='ltr'><strong>,ne</strong></span> <span class='ocrx_word' id='word_1_208' title='bbox 1014 3746 1104 3821; x_wconf 70' lang='lat' dir='ltr'><strong>forte</strong></span> 
     </span>
    </p>
   </div>
   <div class='ocr_carea' id='block_1_5' title="bbox 0 0 1394 4412">
    <p class='ocr_par' dir='ltr' id='par_1_8' title="bbox 0 0 1394 4412">
     <span class='ocr_line' id='line_1_36' title="bbox 0 0 1394 4412; baseline 0 0"><span class='ocrx_word' id='word_1_209' title='bbox 0 0 1394 4412; x_wconf 95' lang='lat' dir='ltr'><strong> </strong></span> 
     </span>
    </p>
   </div>
  </div>
 </body>
</html>
