2682 4412
274 199 326 294 Ι36
527 244 553 290 n
578 245 604 290 rr
628 245 650 291 r
675 243 699 292 t·
726 247 752 294 ο
775 249 800 293 rt
826 247 844 295 1
868 243 889 292 c
911 242 944 292 e
1013 249 1018 258 ·

275 339 416 412 bunusl
438 339 523 412 Esto
547 366 558 410 t
583 369 631 414 an
661 343 783 415 debuit
812 367 1003 442 paucorum
1027 341 1141 412 scelus
1166 351 1222 414 tot
1252 309 1264 335 δ

276 437 420 510 Civium
431 439 602 538 sanguine
620 439 779 541 expiari?
803 466 849 510 an
869 465 1012 540 aequum
1031 435 1100 510 fuit
1113 439 1219 510 inno·

275 537 396 607 centes
430 536 529 608 luere
562 537 800 610 Perduellium
822 536 976 637 poenas?
1008 535 1111 648 Nem⁸
1130 535 1220 648 quid

232 693 234 701 ,
276 633 524 705 commiserant
540 651 592 705 tot
603 651 759 746 expertes
771 635 923 734 purique
937 633 1115 706 seditionrs
1128 656 1196 705 rm
1204 683 1221 724 ‚

277 756 365 831 quos
385 727 565 804 occidisti?
589 733 677 832 quid
695 729 852 804 fecerant
871 747 923 802 tot
935 731 1068 802 nobiles
1084 745 1220 802 matro-

276 854 358 918 uae,
383 855 472 928 ques
501 828 820 922 immisericorditer
851 827 1093 900 interemisti?
1123 825 1222 938 quod

253 982 255 986 -
276 923 446 997 eluebant
462 925 570 997 scelus
593 942 646 996 tot
662 927 799 1025 pudicae
814 925 967 1026 virgines
976 978 998 1038 ,·
1013 951 1101 1026 ques
1124 923 1221 994 milr-

104 1145 263 1197 Enumeratio.

255 1747 262 1754 ι

80 1953 264 2004 lucrementum.

276 1038 355 1094 tum
372 1021 480 1093 lirrori
503 1021 635 1122 pariter
660 1051 700 1094 ao
728 1023 869 1122 libidini
913 1021 1102 1096 enmsistii
1122 1020 1222 1113 Quid

276 1134 505 1220 peccaverant
527 1136 580 1190 tot
628 1121 729 1213 ueri,
761 1115 844 1192 tot‘
885 1137 982 1192 antes
1008 1147 1095 1221 quos
1113 1123 1133 1188 ὲ
1154 1145 1220 1216 pa-

272 1233 418 1296 rentum
439 1147 702 1317 complexilsus,
734 1243 821 1318 quos
846 1225 1002 1289 metrum
1038 1216 1084 1288 ab
1103 1213 1222 1287 'ubere

276 1331 386 1386 tortor
412 1339 453 1384 ec
479 1313 654 1414 parricida
678 1315 910 1388 abstraxistil
934 1315 1101 1414 Denique
1131 1311 1232 1412 quid·
1306 1339 1310 1348 ·

276 1406 457 1484 habebarit
486 1439 569 1484 cum
593 1413 763 1484 seditiosis
781 1411 1005 1513 ¹quibusdam
1035 1435 1224 1482 com-mune

276 1526 330 1580 tot
355 1507 506 1608 religiosi
530 1510 757 1600 Sacerdotes,
784 1511 917 1610 quibus¹
937 1511 984 1580 ad
1008 1519 1105 1578 secra'
1127 1523 1223 1578 tem-

276 1605 436 1704 plorum
482 1607 632 1678 netralie
656 1605 962 1706 conlugientibus‚
986 1621 1025 1676 et
1041 1607 1119 1674 aios
1142 1630 1224 1674 em·-

277 1704 433 1802 plexauti
458 1726 500 1774 us
516 1731 588 1775 non
608 1703 823 1804 pepercistii
1222 1728 1227 1800 j

326 1803 374 1872 Et
405 1803 460 1872 tul
483 1817 610 1872 tenen
655 1799 770 1874 udetl
792 1817 830 1872 et
853 1799 986 1872 facum
1002 1825 1074 1871 non
1096 1797 1224 1870 dolesl

276 1915 313 1970 et
330 1896 474 1968 admissi
490 1828 668 1997 parricidii
690 1897 831 1972 veniam
848 1923 888 1968 su
909 1899 993 2010 pler
1015 1921 1086 1968 nou
1103 1894 1225 1994 petis²

277 2013 314 2068 et
335 2013 469 2068 uatum
497 1994 563 2066 tibi
575 2047 586 2086 ,
610 2021 731 2095 seque.
746 1995 793 2066 ed
821 1994 881 2067 vin
921 2012 1013 2065 ctam
1037 1993 1223 2093 accingen-

276 2111 350 2167 tem
380 2094 503 2164 Deum
535 2119 606 2164 non
644 2091 794 2261 Places?
828 2092 890 2164 sed
923 2090 1128 2181 insolescis,
1159 2089 1224 2161 sed

276 2189 429 2289 superbo
462 2189 619 2262 tumidus
660 2207 739 2262 estu
763 2189 987 2287 triumphas,
1021 2189 1083 2259 sed
1113 2187 1226 2259 etiem·

276 2289 373 2362 intra
403 2304 554 2360 secretos
582 2313 736 2368 recessus
762 2286 902 2358 admitti
925 2283 1108 2386 postulas?
1130 2283 1217 2356 Ah!

276 2385 441 2485 resipisce
490 2386 578 2456 otius
585 2437 601 2476 ,,
627 2386 656 2456 si
675 2385 792 2483 sepis,
817 2400 854 2454 et
872 2385 1040 2457 devotum
1056 2409 1125 2452 non
1142 2379 1224 2452 bre·

267 2485 382 2560 ribus
399 2510 437 2554 m
482 2484 597 2556 ovitae
613 2482 721 2582 hujus
745 2481 936 2577 aerumnis,
964 2482 1026 2553 sed
1041 2478 1224 2591 sempiter-

277 2581 334 2654 nis
345 2581 453 2748 ezm
466 2580 641 2679 suppliciis
653 2595 758 2677 ceput
770 2579 915 2680 provide
928 2631 940 2671 ,
959 2580 1225 2680 quamprimum

278 2695 322 2752 ut
338 2705 381 2750 su
407 2693 440 2751 tr
530 2731 539 2750 .
644 2689 647 2695 '
743 2687 752 2696 '
1006 2713 1011 2722 ¹

311 2825 316 2830 '
415 2810 577 2882 ALIA
616 2807 1089 2884 EXERCITATIO.

278 2975 434 3074 Moysis
457 2972 517 3046 ad
534 2973 734 3046 resectas
761 2973 921 3056 omso,
946 2971 1033 3040 cem
1053 2965 1115 3040 uu
1139 2967 1222 3040 10..-
1304 2929 1309 2937 ’

323 3075 445 3174 giolis
469 3075 543 3142 vice
575 3069 768 3166 laboribus
794 3069 968 3144 deterriti
998 3065 1163 3141 reditum
1184 3070 1227 3139 irs
1258 3105 1264 3120 =

328 3169 536 3270 AEgyptum
557 3173 780 3272 cogitarent.

571 3333 591 3394 S
612 3331 643 3392 Y
666 3334 697 3393 N
721 3331 749 3392 Ο
775 3331 800 3392 Ρ
825 3329 882 3391 S'I
903 3329 937 3390 S.

282 3489 408 3554 Exord.
428 3433 682 3642 queuer'eb
703 3483 855 3546 Israelitis
876 3485 954 3567 quid
973 3467 1129 3567 cogitent,
1150 3485 1227 3567 quid
1326 3553 1334 3570 δ

283 3583 469 3648 meditentur
496 3579 1223 3662 etc.quodemplificebitperInterprettrtiouem.

288 3719 293 3727 .
333 3666 522 3748 Propositio.
556 3662 645 3724 Petet
671 3661 750 3746 quid
775 3675 896 3726 tentum
929 3665 1006 3746 ipsis
1038 3659 1158 3743 pleoeet
1190 3662 1226 3720 in
