2766 4412
314 195 388 304 354
580 227 991 282 rrsronrers

314 333 579 418 magnanimitatis
594 351 660 392 osse
681 333 800 392 miseris
817 331 981 413 opitulari.
1002 325 1054 392 Ne
1075 344 1105 393 te
1117 327 1174 393 ills
1187 338 1259 416 sps&

311 422 377 480 tiss
391 413 594 496 supplicastis
608 414 782 487 deterreat,
799 417 975 474 memineris
993 435 1152 494 nunquam
1162 417 1257 476 luisse

314 497 532 578 tibioblatsm
563 494 765 556 illustriorem
789 498 1003 574 occasionem,
1027 511 1085 556 etc.
1109 515 1181 554 nam
1202 519 1257 556 cur

313 583 348 638 in
368 600 405 640 eo
421 581 540 660 positus
558 600 589 636 es
606 576 767 660 dignitatis
780 577 876 659 gradu
892 581 955 638 nisi
969 592 1005 638 ut
1012 623 1023 656 ,
1045 592 1104 638 otc.
1121 592 1186 638 tum
1206 599 1256 638 re-

313 655 389 720 lictt
402 659 582 741 probatione
603 659 849 741 Propositioni's',
1163 663 1166 670 ’

354 740 403 802 3⁰.
424 739 540 802 Veniet
561 740 600 800 ad
613 739 844 801 Assumtionem
862 739 989 802 alterins
1004 743 1196 823 argumenti,
1208 745 1258 825 ju-

313 821 463 906 bebitqus
479 829 580 906 ipsum
601 827 775 884 meminisse
793 823 870 905 quid
885 823 1033 906 Pompeio
1047 824 1176 902 debeat,
1223 825 1257 882 ni

336 920 471 967 arentem
489 909 587 987 ipsius
605 906 644 965 de
657 905 736 968 tolio
755 905 952 967 detirrbatum
973 908 1119 966 restituit.
1132 845 1260 988 nmili-

312 927 609 1049 icsbitbeneficium
618 989 896 1070 perNarrotionem
907 1004 939 1048 st
948 990 1182 1072 Hypouposim.
1195 989 1259 1048 De·

196 1089 202 1107 ⁴
312 1063 410 1150 iectus
421 1083 508 1151 pater
522 1084 592 1130 tuus
609 1092 735 1130 suorum
751 1067 968 1131 malevolente
985 1068 1154 1152 propitium
1166 1067 1258 1131 Pom-

336 1153 418 1210 eium
435 1174 473 1209 ex
495 1162 578 1212 ertns
594 1166 658 1226 est,
678 1165 735 1214 etc.

313 1172 333 1256 Β
355 1233 402 1306 4⁰.
426 1174 542 1294 Veiiet
558 1231 597 1294 sd
612 1233 687 1293 Com
706 1230 887 1310 lesionem,
903 1235 1016 1294 omissi
1029 1229 1256 1314 Propositione.

312 1311 420 1372 'fu-ns
432 1335 503 1396 ergo
513 1316 636 1376 dubites
645 1255 756 1405 retirro
773 1337 876 1397 parem
887 1316 1034 1396 Pompeio
1044 1315 1159 1374 ricem!
1176 1315 1259 1376 hunc

313 1406 348 1454 tu
362 1395 490 1479 objicies
501 1419 681 1482 ,perquem
694 1416 804 1481 regnas
817 1439 826 1477 ,
843 1413 874 1458 et
887 1399 954 1458 sine
967 1417 1030 1478 quo
1043 1419 1108 1458 non
1118 1393 1257 1458 riveresi
1371 1428 1374 1441 ·

649 1568 929 1617 onusto.

155 1725 276 1774 assumus
364 1706 453 1778 Ecce
479 1705 577 1782 venit
599 1708 645 1778 ad
664 1723 700 1784 te
721 1705 932 1806 Pompeius,
959 1707 1040 1778 Rex
1054 1703 1257 1800 fortissime,

120 1793 383 1902 ffld'ffl'non
413 1803 451 1874 in
477 1809 523 1898 ed
553 1801 697 1902 quidem
727 1803 910 1900 majestate
942 1831 983 1872 ac
1012 1807 1162 1914 Pompa,
1189 1811 1262 1906 qud

124 1893 250 1988 sospito
265 1941 301 1977 at
313 1901 419 1974 totius
440 1899 533 1972 orbis
558 1901 668 1971 victor
688 1927 728 1971 ac
754 1895 990 1998 triumphator
1010 1901 1151 1974 incessit
1162 1931 1175 1993 ς
1198 1903 1269 1988 sed,

6 2037 23 2050 κ
122 1993 199 2040 ''Q‘'
313 1998 431 2072 accisis
451 1996 557 2070 rebus
582 2025 622 2068 ac
643 1996 808 2096 perditis,
827 1998 891 2068 sed
917 1995 1029 2068 victus
1041 2049 1052 2088 ‚
1076 2013 1112 2070 et
1133 2001 1261 2072 amisso

312 2095 468 2168 exercitu
491 2094 705 2166 tristissimos
729 2094 956 2166 inconstantis
987 2090 1052 2166 lati
1078 2122 1178 2170 casus
1208 2125 1262 2170 re·

279 2199 282 2206 '
312 2210 526 2294 praesentans
537 2191 583 2264 ad
592 2192 824 2278 vivumAEcce
842 2191 1069 2305 supplicantis
1079 2191 1117 2264 in
1129 2185 1261 2269 morem

314 2289 467 2362 alienam
489 2318 592 2389 opem
616 2290 806 2390 implorat,
840 2318 903 2390 qur
929 2289 1094 2390 opitulari
1126 2295 1259 2366 caetcris

315 2403 352 2458 et
369 2385 494 2460 afferre
518 2387 714 2471 subsidium
731 2385 974 2459 laborantibus
998 2407 1153 2460 noverat.
1169 2391 1261 2464 Ecce

305 2501 416 2561 ‘tuam
438 2485 477 2556 in
502 2482 609 2556 iidem
637 2512 677 2557 ac
704 2483 903 2558 clientelam
924 2513 960 2556 se
989 2487 1132 2585 recipit,
1158 2486 1260 2587 cujus

314 2581 353 2652 in
373 2581 563 2680 patrocinio
583 2609 623 2652 ac
640 2579 842 2654 defensione
855 2600 928 2654 tam
942 2600 1077 2656 certum
1093 2583 1261 2658 adversita

314 2677 462 2750 rebelles
484 2695 520 2748 et
547 2696 768 2751 contumaces
799 2681 977 2780 AEgyptios
1001 2697 1084 2751 ttius
1108 2709 1259 2780 parens,

249 2839 252 2846 ,
313 2791 424 2942 tuine
460 2777 547 2850 adeo
578 2778 716 2878 paterni
744 2775 845 2850 heres
880 2777 1020 2877 imperii
1055 2779 1261 2882 praesidimn

311 2869 361 2945 ha
388 2873 483 2946 uisti.

141 2991 279 3058 propositio
363 2971 492 3073 Neque
519 2989 555 3045 te
590 2981 675 3048 verb
709 2973 968 3046 funestissimus
997 2974 1057 3047 ille
1097 2977 1261 3079 supplicis

119 3065 210 3172 ffiss
221 3062 301 3121 ΛΨ
314 3071 482 3171 Principis
495 3090 683 3185 apparatus
698 3074 742 3144 ab
756 3073 804 3144 im
852 3073 1014 3164 rtiendt,
1033 3103 1143 3175 quam
1158 3077 1261 3148 enixe

140 3199 301 3260 magnums-
339 3169 427 3260 etit,
447 3165 576 3242 fiducrtl
598 3168 786 3242 deterreat.
860 3178 880 3242 ὸ
892 3225 903 3263 ,
923 3172 995 3244 imb
1019 3199 1057 3243 co
1082 3173 1156 3264 ita,
1181 3175 1262 3246 Rex

125 3198 520 3361 ⁸²¹¹⁵⁶⁸¹¹²¹¹⁵⁶·lortissime,
549 3293 734 3370 nunquam
759 3267 984 3343 illustriorem
1014 3199 1166 3342 oblatam
1194 3270 1262 3344 tibi

122 3330 284 3390 'mmmm‘
314 3361 421 3436 luisse
435 3365 625 3465 probandoe
639 3365 780 3440 virtutis
793 3387 829 3441 ct
842 3364 1139 3472 magnanimitatis
1154 3367 1261 3469 regiae

315 3464 601 3553 commendandae
626 3465 862 3560 occasionem,
915 3471 996 3538 uim
1016 3493 1095 3565 quae
1114 3461 1263 3540 infortu-

314 3562 390 3632 nati
401 3563 623 3662 Imperatoris
637 3565 817 3638 calamitas
828 3497 958 3636 attrilit.
972 3565 1150 3654 Quorsrlm
1163 3563 1259 3636 enim

315 3677 419 3757 putas
448 3660 493 3731 'ad
512 3675 651 3731 tantum
673 3660 853 3761 dignitatis
874 3661 1008 3760 apicem
1033 3677 1143 3762 etque
1164 3657 1260 3732 lasti-

303 3831 307 3836 ,
340 3757 413 3827 'um
440 3755 548 3830 finisse
583 3784 682 3858 reges
712 3777 846 3830 evectos
859 3811 871 3851 ,
903 3759 972 3829 nisi
999 3775 1041 3832 ut
1069 3761 1106 3831 in
1137 3759 1259 3831 altiore

314 3781 387 3926 lico
405 3855 511 3956 positi
529 3855 576 3937 td
597 3857 851 3933 sublevandam
877 3857 1086 3933 miserorum
1105 3857 1259 3960 inopiam
