2756 4414
308 233 379 318 442
572 205 984 299 ΗΒΜῖΜΕ

240 371 243 380 ’
308 351 403 422 domi
426 350 572 421 omnia:
595 349 798 422 crescebant
820 347 948 428 Liberi,
963 349 1002 420 in
1022 376 1120 449 spem
1140 367 1249 422 aemu-

231 475 239 492 ¹
306 448 422 519 landae
445 448 530 518 olim
545 463 701 546 paternae
715 449 818 539 artis,
840 447 1116 548 hereditatisque
1136 449 1249 548 copio-

307 572 384 636 sae3
414 544 661 616 adolescebant
697 545 735 617 in
763 544 981 644 Reipublicae
1000 545 1246 715 fipppesidium,

307 641 356 712 ad
375 643 513 742 generis
537 643 592 714 sui
607 643 728 714 lumen
744 644 977 813 columcntplue

1081 641 1245 716 abantur.

307 739 414 814 Nunc
431 757 565 842 quanta
590 739 706 811 subito
731 738 822 813 facta
841 757 894 813 est
939 769 1084 814 occasu
1110 742 1248 812 domes-

306 837 369 910 tici
398 836 463 910 fati
494 839 670 925 cenversio
684 837 693 908 ἱ
709 838 812 938 ¹Cum
836 839 937 912 enim·
958 839 1082 912 unicus
1109 840 1247 916 Dema-

306 935 377 1010 rati
399 931 554 1026 fundus,
582 961 705 1014 census
733 933 897 1028 familiae,
919 934 1111 1010 liberorum
1160 937 1248 1006 atri*

306 1033 463 1104 monium
479 1051 571 1104 esset
586 1035 624 1103 in
639 1034 794 1133 parentis
810 1035 985 1106 industrii
999 1087 1010 1126 ,
1056 1061 1111 1106 uae
1124 963 1249 1104 [limus

306 1129 386 1200 unis
399 1132 552 1229 parentis
569 1131 733 1202 manibus
749 1147 913 1222 steterat,
933 1132 988 1203 his
1006 1159 1047 1203 su
1074 1131 1154 1202 latis
1170 1126 1251 1202 fuu-

306 1227 398 1298 diots
415 1229 585 1318 concidit,
626 1254 682 1301 uae
698 1227 753 1300 his
767 1229 964 1300 domesticae
1009 1226 1251 1300 uasifortunae

305 1322 498 1398 artificibus
531 1255 702 1426 vigdlsat,
735 1343 811 1398 tota
847 1341 901 1397 est
935 1257 1062 1398 iisdem
1096 1325 1250 1424 praecisis

305 1439 470 1495 extincta.

330 1523 549 1634 Quanquam
565 1517 710 1593 ferenda
724 1537 917 1623 utcumque
923 1521 1003 1594 risa
1014 1537 1068 1592 est
1079 1519 1247 1592 hactenus

306 1645 344 1689 sa
370 1620 455 1690 ientr
471 1619 579 1691 cuivis
598 1620 801 1692 divitiarum
822 1619 983 1712 'actura3
1007 1617 1110 1692 famae
1129 1633 1248 1689 autem

304 1647 403 1787 nulla
429 1745 478 1788 un
504 1743 588 1788 uam
615 1714 683 1788 fuit
708 1649 905 1816 quamlibet
931 1717 1019 1788 levis
1041 1715 1180 1787 amissio
1197 1731 1250 1785 to-

272 1809 275 1814 *
304 1811 463 1884 leranda.
517 1814 597 1910 ujus
624 1841 685 1913 spe
710 1813 815 1885 unius
843 1815 1038 1886 innumeris
1066 1812 1247 1884 laboribus

303 1909 377 1980 laeti
393 1908 639 2010 defungimur,
658 1909 724 1982 hac
741 1939 802 1982 nos
819 1912 884 2008 ipsi
903 1909 1140 2008 expectatione
1163 1935 1245 1980 sus-

304 2023 507 2096 tentamus3
536 2007 600 2082 hoc
630 2005 734 2077 famae
759 2007 902 2078 demum'
929 2033 1115 2108 nunquam
1136 2007 1250 2078 inter·

303 2103 472 2174 morituro
489 2101 633 2200 praemio
653 2103 735 2176 vitae
756 2102 967 2178 brevitatem
995 2104 1244 2176 consolamur:

245 2247 251 2255 -
302 2203 375 2298 qua
402 2200 563 2272 mercede
590 2200 653 2312 qui
678 2199 871 2292 exciderit,
895 2229 968 2273 non
999 2202 1128 2294 video,
1157 2229 1246 2304 quo-

302 2296 407 2366 modb
435 2314 472 2368 et
488 2323 558 2366 non
581 2314 651 2388 srt,
673 2313 710 2366 et
729 2325 800 2367 non
823 2297 1004 2380 habeatur,
1013 2299 1244 2370 miserrimus.

302 2392 474 2464 Excidisti
491 2410 612 2464 autem
622 2445 633 2485 ,
652 2394 865 2488 Demarato,
885 2395 1021 2500 hocque
1037 2403 1135 2468 tantb
1147 2421 1245 2468 acer·

305 2491 382 2562 bins
412 2491 599 2582 excidisti,
650 2493 722 2562 ubd
749 2509 802 2564 tot
815 2519 989 2593 praecones
1000 2547 1012 2585 ,
1041 2511 1093 2565 tot
1113 2510 1244 2584 testes,

302 2585 586 2689 totque‘obsides
614 2518 719 2661 lime
745 2607 869 2662 nactus
895 2617 986 2661 esses
1013 2591 1243 2680 immortalis,

303 2702 391 2788 quot
416 2685 530 2757 laudis
555 2687 630 2785 ipse
651 2703 773 2757 auctor
799 2705 871 2758 tuoe
895 2703 1027 2759 statuas
1050 2715 1142 2758 esses
1170 2693 1246 2760 tota

246 2843 250 2854 .
302 2783 378 2855 vita
401 2783 585 2856 molituris.
612 2783 736 2876 Scitis,
770 2783 936 2876 Judices,
968 2785 1177 2876 audivistis,
1208 2803 1245 2856 et

218 2946 222 2954 ,
301 2880 440 2952 vidistis
461 2883 554 2982 ipsi,
584 2883 717 2983 quantb
740 2876 898 2971 claritate
917 2882 1148 2954 increbuisset
1168 2882 1243 2985 jam
1350 2969 1356 2980 ι

301 2979 315 3050 i
341 2979 411 3050 sius
432 2976 551 3070 fama,
572 2983 708 3080 quanta
725 2980 809 3052 artis
831 2980 971 3052 solertia
991 2977 1241 3052 celebraretur.

304 3005 416 3150 llulla
445 3077 533 3149 adeo
562 3079 681 3178 regia,
706 3076 804 3148 nulla
832 3078 987 3178 palatia,
1017 3077 1115 3150 nulla
1139 3103 1244 3178 opera

302 3173 465 3274 publica,
488 3177 559 3246 imb
582 3202 646 3246 nec
668 3175 827 3246 Deorum
848 3177 981 3276 templa
1005 3177 1079 3248 sine
1097 3175 1173 3274 ejus
1193 3178 1240 3246 si-

303 3269 467 3347 mulacris
488 3271 725 3346 videbantur!
752 3273 813 3344 Ab
840 3272 895 3346 his
922 3290 1128 3346 ornamenta
1155 3274 1241 3344 civi·

301 3385 394 3440 tates
428 3370 637 3470 repetebant
666 3401 675 3442 =
701 3399 829 3445 novam
869 3374 1047 3474 quandam
1082 3371 1243 3440 Heroum

302 3493 424 3539 manes
439 3469 550 3540 vitam
565 3469 793 3543 resumebant
803 3499 815 3562 3
835 3472 881 3542 ab
902 3467 1157 3569 hisproesentia
1175 3468 1243 3538 sibi

302 3563 463 3658 Numina
479 3566 668 3663 poscebant
684 3593 754 3638 arae
766 3569 887 3658 ,orbis
904 3585 1099 3656 terrarum,
1124 3591 1241 3666 quan·

301 3679 359 3732 tus
377 3679 453 3754 est,
470 3663 640 3735 miracula
662 3663 900 3764 depromebat.
924 3664 981 3736 Sic
999 3662 1137 3736 victura
1159 3680 1239 3733 tan·
1304 3713 1312 3728 .

302 3757 364 3830 diu
380 3758 503 3834 firisset
514 3759 609 3837 illius
621 3759 741 3855 lama,
758 3763 841 3836 dum
861 3761 973 3862 gloria
986 3759 1096 3861 hujus
1116 3760 1211 3834 urbis
1226 3810 1241 3852 ,
