2682 4412
1 16 71 174 1

266 239 790 288 nrasarnrnus.
955 215 1004 288 65

92 337 194 430 AEli,
223 334 277 406 illi
310 333 479 406 scelerata
512 349 679 405 moveant
704 335 743 406 in
770 334 1001 434 Imperatores
1013 372 1174 422 sumimus,

58 463 182 524 arma,
222 459 311 533 quos
347 431 467 532 religio
492 429 592 502 nulla
622 432 780 522 retinet,
811 459 897 531 quos
928 445 1026 504 rma'

59 532 226 606 sollicitat
258 528 427 619 ambitio,
454 527 611 599 incendit
636 529 810 620 avaritia,
833 532 1004 642 regnandi

60 630 174 702 libido
244 655 264 698 r
285 653 388 698 omne
413 622 588 724 flagitium
607 653 647 696 ra
671 628 701 698 it
723 654 762 697 ac
784 628 998 739 praecipitat:

61 729 125 827 qui
133 725 198 798 nul
214 751 252 797 as
261 722 356 823 leges
367 739 558 822 agnoscunt
566 749 577 813 3
588 653 724 794 nullam
733 724 1005 804 dominationem

63 826 385 912 reverentur,cl1m
393 819 515 892 violari
522 819 577 919 jus
586 831 700 918 potest
710 821 877 920 impune,
890 849 1007 924 neque

66 922 137 994 ulla
153 919 296 991 sceleris
315 943 421 1018 poena
438 933 599 988 nocentes
614 933 787 1018 expectat.
808 923 860 989 At
874 922 936 1020 qui
948 947 1007 1006 ,εει-1

67 1043 223 1118 pressam
244 1017 318 1086 suis
340 1016 379 1086 in
401 1015 672 1113 Imperatoribus
691 1015 746 1086 sui
763 1016 775 1085 i
801 1044 920 1090 sorum
937 1017 1010 1088 Dei

70 1113 338 1186 similitudinem
358 1127 593 1204 venerantur,
647 1112 685 1183 ui
708 1043 849 1185 eosdem
869 1115 1009 1214 proprio

72 1213 191 1309 capitis
264 1207 375 1280 riculo
404 1209 583 1308 totiusque
612 1139 781 1282 elfosione
805 1212 982 1312 sanguinis
994 1263 1008 1303 ,

72 1310 136 1380 nisi
160 1238 384 1407 Religionem
403 1333 503 1377 suam
523 1304 719 1420 abnegent,
744 1305 874 1378 debent
891 1311 1009 1400 tueri3

74 1407 136 1507 qui
151 1401 308 1477 fortunas
323 1455 334 1496 ,
352 1403 564 1516 dignitates,
584 1421 695 1474 vitam
711 1405 824 1500 ipsam
842 1405 937 1474 nullo
952 1431 1012 1501 po-

72 1501 321 1591 nunt'mloc03
346 1499 400 1570 illr
420 1498 572 1570 Neronis
593 1499 631 1569 in
653 1515 776 1612 eaput,
802 1502 839 1571 in
862 1500 1012 1572 salutem

56 1591 277 1710 ‘conjurentl
294 1597 378 1668 Non
391 1596 484 1667 cadit
495 1613 634 1695 gentem
647 1597 684 1666 in
698 1611 802 1668 istam
813 1612 886 1668 tam
899 1599 1012 1668 detes·

75 1693 375 1784 tabiis-facinus,
405 1719 523 1792 neque
548 1692 827 1764 Christianorum
850 1695 1011 1767 instituta

75 1793 211 1866 sceleris
226 1791 334 1891 hujus
348 1790 406 1861 vel
421 1791 586 1860 umbram
598 1790 794 1890 patiuntur.

80 1941 83 1948 -
124 1889 220 1961 Nam
245 1890 335 1989 quid
357 1885 469 1960 simile
490 1887 652 1958 auditum
673 1915 833 1988 unquam
859 1889 1009 1989 deipsis

75 1987 152 2060 est?
189 1987 245 2058 uis
257 1985 409 2058 nefarias
423 1985 639 2075 molitiones,
654 1985 795 2077 turbas,
809 1987 1008 2079 seditiones,

75 2015 249 2158 tumdltus
265 2081 476 2184 exprobret?
498 2109 605 2182 quam
631 2081 795 2154 habuisse
816 2101 952 2182 partem
973 2086 1012 2156 in

74 2183 181 2256 varus
190 2181 322 2253 civium
330 2197 528 2250 nostrorum
546 2180 722 2280 totiusque
737 2181 848 2253 Italiae
859 2183 1014 2253 motibus

77 2279 302 2380 arguuntur?
314 2279 513 2376 Exsurgant
526 2277 598 2370 illi,
620 2295 793 2390 quotquot
804 2295 886 2349 sunt
897 2279 1016 2350 Chris-

77 2378 166 2449 tiani
174 2376 326 2448 nominis
335 2391 571 2460 accusatores,
585 2391 621 2445 et
636 2401 674 2444 ιιι
690 2374 847 2474 ipsorum
858 2373 1016 2444 moribus

78 2473 221 2546 vivendi
247 2499 293 2544 ue
324 2471 573 2544 consuetudine
604 2471 690 2570 quid
721 2469 980 2570 reprehendant
1002 2471 1018 2563 ,'

80 2573 172 2672 quod
191 2501 541 2642 hiltereaffinitatem
555 2573 635 2640 cum
652 2567 894 2642 Perduellione
905 2569 1017 2643 videri

80 2667 200 2781 possit.
224 2667 321 2740 Nam
343 2667 423 2768 quis
444 2694 502 2738 eos
526 2665 727 2738 Perduelles
751 2673 875 2767 putet,
895 2668 1017 2740 autad
1037 2690 1210 2742 aconensis·

80 2763 301 2838 ruserendam
329 2763 498 2864 injuriam
521 2781 757 2863 comparatos,
787 2765 850 2866 qui
874 2763 1017 2840 laudem

80 2891 143 2963 pro
158 2861 372 2935 contumelia
385 2880 404 2953 ,·
415 2888 478 2960 pro
490 2862 568 2932 odio
578 2889 753 2954 amorem,
773 2859 943 2936 beneficia
955 2891 1018 2964 pro

82 2959 286 3061 suppliciis,
303 2987 423 3060 preces
445 2976 481 3030 et
496 2977 577 3038 vota
595 2985 657 3058 pro
673 2963 819 3032 cruenta
834 2977 947 3032 morte
958 2977 1019 3035 're-

83 3059 255 3157 pendrmt.
276 3059 423 3147 Patere,
449 3057 612 3156 Princeps
632 3057 856 3158 aequissime,
881 3073 923 3127 ut
939 3061 1020 3128 cdm
1040 3087 1208 3151 sempr..

84 3161 147 3246 cel,
161 3182 273 3256 quam
283 3155 394 3226 debeo
405 3155 612 3254 Imperatori
626 3183 723 3246 meo,
735 3153 954 3244 reverentia,
974 3155 1020 3225 ad

85 3270 186 3324 tuum
202 3251 314 3351 ipsius
330 3253 568 3324 testimonium
586 3252 782 3349 appellem3
798 3249 888 3320 nosti
906 3252 1019 3323 eninr·

84 3358 166 3422 verb
190 3366 228 3420 et
246 3349 315 3420 tuis
331 3351 404 3448 ipse
425 3349 602 3461 usurpasti
618 3347 749 3435 oculis,
773 3350 880 3447 quam
893 3349 1020 3420 dociles

16 3490 24 3526 ι
86 3448 137 3519 illi
153 3445 290 3518 animos
315 3445 592 3519 moderatorrbus
620 3443 690 3528 suis
714 3437 887 3536 afferant,
912 3451 1021 3546 qudm

87 3544 259 3643 patientes
277 3543 316 3614 in
336 3543 533 3635 laboribus,
552 3548 660 3644 quam
682 3558 878 3617 constantes
895 3544 932 3614 in
945 3571 1021 3615 cru-

16 3663 18 3736 ζ
86 3641 233 3714 ciatibus
250 3639 493 3754 perferendis,
537 3645 621 3713 adm
645 3646 771 3741 parum
795 3641 913 3740 cupidi
935 3641 1022 3713 reti-

17 3767 22 3838 f
87 3739 216 3911 neudum
228 3755 337 3829 ntae,
361 3740 496 3842 quoties
513 3669 703 3846 beligionis
721 3767 842 3908 camaE
841 3741 992 3838 postulat
1007 3791 1028 3840 ,Ι

18 3855 20 3886 ⁵
197 3863 269 3910 om.
289 3840 325 3914 l.
