2760 4416
249 199 257 225 ¹
316 193 493 278 unsa
539 212 845 282 secundus:
980 195 1050 274 511

87 362 90 372 ·
113 314 267 430 fragores
289 345 330 390 ac
349 317 550 408 tumultus,
580 315 728 390 veniunt
757 317 902 390 tandem
919 320 1055 394 'amicae
1084 354 1098 414 J

114 443 209 515 pacrs
226 433 417 515 bempma,
469 413 726 500 uibuslaboris
758 431 919 514 expertes
942 420 1054 496 omnis

112 539 177 584 nec
194 515 268 584 sine
292 513 436 613 praemio
505 511 598 582 ilites
619 510 725 583 liberi
744 511 993 606 dimituntur,
1018 532 1056 587 et

1 653 2 693 v
112 611 229 682 natale
241 611 402 694 revisunt
415 611 528 684 solum
543 637 585 680 eo
600 609 726 707 majori
742 635 887 682 suorum
901 613 1055 712 gaudio,

1 707 2 710 ’
112 734 190 806 quo
215 707 348 783 diutinis
373 705 526 780 abfuisse
547 707 747 778 videantur.
770 707 917 780 Testem
941 735 1056 782 unum

113 819 150 875 te
167 803 262 896 volo,
284 805 486 878 consobrine
507 804 768 897 amantissime,
788 806 875 906 quid
892 806 1053 906 estjam,

1 923 2 998 ξ
91 911 94 918 ’
113 901 209 1001 qudd
228 901 390 974 militiam
403 903 541 976 incuses
555 955 566 994 ,
582 919 644 973 aut
659 903 704 975 de
718 919 809 976 sorte
821 907 884 976 tud
900 931 1056 1006 conque-

1 1021 2 1086 }
113 997 224 1070 rarisi
245 999 345 1075 Vivis
363 999 402 1071 in
414 1001 529 1073 medio
544 999 668 1098 patsiae
685 999 787 1092 sinu3
805 1001 899 1073 inter
910 1001 1056 1101 propin*

1 1095 2 1110 ¹
113 1119 200 1196 quos
218 1125 258 1169 ac
269 1096 458 1170 familiares
470 1115 546 1170 tuos
559 1100 720 1170 versaris.
739 1098 823 1171 Non
837 1097 911 1197 jam
923 1100 1056 1172 obstre-

112 1210 203 1292 punt
223 1194 325 1286 litui,
343 1211 406 1266 aut
421 1197 484 1267 dat
497 1195 645 1268 buccina
661 1197 801 1296 signum
814 1198 860 1269 ad
876 1223 1054 1309 pugnam

112 1317 182 1362 non
197 1293 417 1364 conserendae
433 1318 559 1363 manus
579 1319 659 1363 cum
675 1293 798 1383 hoste,
822 1321 894 1364 non
910 1295 1056 1394 ejicien-
1111 1353 1114 1361 ,

106 1388 180 1474 ¹dus
196 1388 312 1480 vallo,
342 1405 405 1460 sut
428 1390 692 1490 persequendus
716 1389 842 1462 acriter
866 1389 1055 1462 incumbit.

112 1483 196 1556 Non
205 1513 253 1557 ca
277 1486 390 1558 iendae
412 1485 542 1578 urbes,
570 1515 641 1558 non
663 1488 897 1600 expugnanda
919 1506 1056 1576 castra,

113 1609 184 1653 non
201 1514 330 1654 dubius
352 1609 530 1656 armorum
553 1571 655 1682 ¹casus
675 1585 974 1685 pertimescendus
991 1589 1057 1656 ob-

111 1678 242 1778 jicitur.
258 1681 394 1754 Positus
416 1697 517 1754 extra
531 1709 673 1762 omnem
689 1683 817 1754 Martis
839 1681 955 1756 aleam
978 1683 1057 1782 pai-

113 1803 253 1850 marum
265 1779 304 1848 in
318 1777 446 1852 umbra
456 1781 646 1880 requiescis
663 1779 838 1873 suaviter,
853 1797 889 1852 et
904 1780 1056 1871 labores,
1180 1789 1181 1794 ’

112 1874 144 1944 si
157 1903 244 1976 quos
253 1875 461 1950 exbantlare
468 1878 626 1979 contigit,
641 1877 818 1950 blandoin
833 1878 903 1949 otio
915 1876 1058 1951 abunde

112 1999 190 2042 com
215 1999 328 2044 enses.

162 2001 240 2140 nbc
260 2071 466 2142 Mercatoris
484 2072 735 2171 sorsgravior,
758 2071 927 2165 Judices,
946 2071 1076 2173 quan?

113 2166 245 2238 tumvis
268 2167 321 2236 iili
352 2185 621 2266 conquerantur.
651 2169 782 2276 Neque
814 2171 910 2242 enim
929 2169 1058 2242 infesta
1167 2192 1174 2212 ¹

114 2263 263 2364 scopulis
280 2289 320 2334 ac
338 2266 605 2362 tempestatibus
620 2267 734 2335 maria
749 2273 920 2364 perpetue
930 2269 1059 2338 decura

114 2362 163 2433 rit
173 2350 199 2454 ,²
211 2376 275 2434 aut
294 2375 392 2432 tanto
421 2379 560 2459 semper
575 2360 732 2432 Orientis
757 2387 839 2460 opes
853 2361 972 2460 pretio
993 2389 1058 2434 re-

114 2460 312 2530 dimuntur.
345 2457 429 2530 Non
448 2483 587 2547 omnes,
636 2483 692 2529 uae
713 2458 758 2528 de
787 2475 892 2558 portu
920 2459 1061 2535 solvunt

114 2583 223 2630 naves
241 2556 340 2628 triste
356 2555 540 2654 patiuntur
547 2483 794 2655 nauitagium3
809 2556 1057 2650 redeuntillae,

113 2671 155 2726 ut
172 2653 384 2755 plurimum,
402 2669 537 2724 onustae
551 2651 751 2744 mercibus,
770 2651 955 2754 ipsamque
970 2656 1059 2726 adeo

116 2751 322 2822 Mercatoris
338 2750 433 2822 avidi
447 2749 594 2824 vincunt
604 2747 895 2851 expectationem.
915 2750 1058 2824 Plaudit

115 2848 174 2920 ille
187 2848 254 2919 sibi
268 2899 280 2938 ,
302 2862 417 2946 grates
479 2849 506 2917 't
517 2850 681 2948 Superis,
699 2864 736 2917 et
750 2846 903 2945 priores,
922 2847 952 2917 si
968 2874 1057 2948 quas

114 2927 258 3038 federit,
276 2873 573 3042 jacturasiffiiitus
587 2943 723 3015 exultat
741 2969 781 3012 ac
796 2941 1004 3043 triumphat.

164 3043 216 3114 At
237 3043 346 3143 quim
372 3041 491 3140 dispar
506 3065 627 3112 rerum
650 3055 850 3112 nostrarum
878 3041 1055 3134 conditio,

114 3141 282 3232 J'udices,
333 3136 437 3210 uibus
462 3137 600 3210 nullum
615 3139 654 3210 in
672 3138 746 3212 vita
768 3155 908 3237 tempus
925 3139 1054 3216 moles-

114 3240 165 3312 tia
178 3255 214 3310 at
239 3165 525 3324 uedddicitudine
541 3259 692 3308 vacuum
706 3235 833 3334 Superi
843 3247 917 3306 esse
936 3235 1056 3312 volue-

1 3409 2 3412 ,
31 3341 41 3355 ’
113 3355 197 3409 runt
209 3266 333 3408 quam
355 3335 441 3408 sive
455 3359 638 3407 versamur
659 3333 699 3404 in
720 3329 814 3424 foro,
832 3359 895 3405 seu
910 3363 1054 3410 manere

1 3433 2 3440 ’
115 3435 211 3505 dorni
227 3433 428 3532 contingat,
452 3448 586 3533 quanta
606 3431 774 3544 utrinque
799 3429 928 3504 laboris
946 3451 1055 3536 atque

1 3531 15 3626 ᾗ,
116 3531 332 3630 {egritudinis
351 3553 449 3630 seges
469 3532 631 3603 occurrit.
651 3531 758 3630 Agrte
784 3530 963 3604 enimvero
974 3586 986 3624 ,
1009 3551 1055 3604 an

1 3622 2 3647 ¹
117 3628 240 3700 durius
262 3631 457 3730 quidquam
479 3645 552 3720 est,
575 3631 683 3730 qudm
706 3645 827 3700 nostra
851 3628 912 3719 ilia
936 3633 1055 3730 quoti-

1 3725 21 3812 ἓ,
117 3728 223 3800 diana
234 3726 272 3802 in
291 3726 364 3802 ioro
382 3727 588 3821 assiduitas,
603 3753 689 3832 =quae
706 3725 864 3801 homines
882 3743 970 3799 totos
986 3727 1055 3800 sibi
