2760 4416
366 269 540 319 trssn
589 224 853 317 rsnirru's.
1010 243 1084 318 555

140 369 245 466 lestid
266 365 494 442 liberandum
521 385 657 469 putem.
685 368 782 442 Nam
805 368 892 468 quid
909 390 1009 466 agam
1028 368 1085 438 in·

141 467 227 540 felix
248 521 258 560 ,
287 469 316 538 sl
338 467 532 568 gerendum
556 467 600 540 in'
620 473 663 540 ed
687 495 725 538 re
745 465 811 538 tibi
830 491 963 536 morem
988 465 1087 537 erbi-

141 565 251 638 t'rerl·
277 567 359 658 Qud
381 595 450 638 non
474 582 679 666 prorumpet
702 565 828 637 insana
852 563 914 634 illa
930 561 1088 635 ⁴ludendi

166 665 285 766 rurig'o
314 691 394 765 quae
418 683 453 743 te
477 659 653 737 ‘miserum
677 665 776 735 tenet
799 691 838 734 ao
859 661 1003 762 perdit,
1031 661 1086 753 si,

141 693 230 836 itm·
249 790 467 862 compescere
493 765 592 836 illam
610 777 779 864 possum,
814 761 910 862 q'uod
936 759 1091 832 amicum

144 877 199 931 est
212 913 224 951 ,
246 863 395 933 eandem
408 863 515 934 missd
532 863 683 976 pecunid
698 861 834 932 irritem
852 875 888 930 et
901 857 1092 929 accendam

113 985 115 991 ·
143 957 282 1071 magis?
297 961 405 1031 Hunc
423 977 462 1032 tu
474 961 630 1032 ⁴aseneum
647 959 819 1050 aestimes,
834 984 904 1028 non
915 949 1092 1057 perfidum
1208 1007 1211 1014 .
1331 959 1337 968 ’

143 1060 260 1154 potuis
273 1085 313 1129 ac
325 1059 556 1158 proditorem,
577 1049 640 1158 qui
657 1055 785 1130 liuioso
798 1055 1093 1156 cuipiamensem

143 1155 306 1252 petenti,
331 1183 401 1269 <pso
420 1183 456 1228 se
474 1153 761 1250 transverberet,
782 1154 886 1225 illum
902 1150 1092 1249 indulgens
1171 1235 1174 1243 ¹

142 1254 255 1352 prave
268 1254 452 1354 porrigat?
476 1254 585 1325 Absit
602 1254 667 1325 hoc
683 1258 705 1325 ὲ
723 1281 780 1325 me
795 1305 807 1344 ,
830 1249 961 1350 optime
978 1247 1092 1337 Fabi,

144 1361 221 1419 tam
246 1351 339 1422 male
362 1353 406 1424 de
424 1369 459 1422 te
481 1367 523 1424 ut
545 1380 695 1425 merear.
722 1353 811 1424 Ecce
836 1345 948 1421 mulso
965 1346 1095 1433 melids

144 1445 337 1560 quodpiam
355 1466 391 1520 et
409 1449 580 1523 illustrius
604 1448 732 1540 amoris
754 1447 838 1550 ergd
860 1461 895 1518 te
920 1445 993 1517 mei
1006 1443 1094 1544 pig-¹

56 1562 57 1568 ’
144 1567 213 1616 nus
234 1571 285 1615 nn
311 1547 448 1640 ertias,
475 1548 629 1620 amicum
652 1546 783 1620 scilicet
803 1557 840 1615 et
863 1542 1035 1633 salubre,
1066 1539 1107 1610 si·

145 1641 243 1741 quod
258 1571 382 1737 uliud,
401 1641 586 1716 consilium
600 1638 616 1738 ‘3'
636 1662 677 1716 ut
691 1697 702 1735 ,
721 1643 808 1716 ditm
820 1643 1000 1742 integrum
1016 1653 1095 1727 est,

144 1739 380 1836 perniciosum
391 1742 496 1814 illum
504 1761 521 1834 ’,
538 1801 541 1808 .
568 1741 605 1814 ui
625 1759 661 1813 te
676 1739 751 1840 jam
762 1739 932 1826 incessit,
950 1731 1098 1808 ludendi

75 1867 76 1872 ¹
144 1845 304 1908 umorem
321 1839 485 1940 conigas.
512 1771 688 1953 Niagnum
712 1855 766 1910 est
813 1837 961 1908 uiddam
982 1832 1040 1906 vel
1058 1835 1098 1902 in

40 1978 43 1984 ,
145 1933 327 2033 principiis
350 1963 504 2034 praesens
528 1937 612 2008 lunc
629 1931 752 2008 morbo
769 1865 898 2008 siserre
919 1937 1020 2047 posse
1040 1957 1099 2001 re-

149 2031 336 2122 inedium,
362 2032 453 2131 qui,
483 2033 512 2103 si
541 2035 691 2126 creuerit
722 2031 863 2126 semel,
895 2059 956 2105 vus
980 2027 1099 2110 sanari

146 2125 313 2226 deinceps
334 2179 346 2218 ,
375 2130 562 2200 autetiam
580 2131 737 2229 mitigari
751 2130 873 2229 possit.
892 2131 967 2296 Epo
982 2128 1098 2216 comt,

148 2221 216 2293 etsi
240 2251 412 2323 majorem
436 2225 555 2294 mitti
582 2225 721 2297 sifecio
744 2229 846 2316 vim,
873 2255 922 2324 qu
946 2254 982 2295 m
1003 2221 1069 2294 tibi
1086 2227 1101 2313 ,'

148 2335 270 2416 taiuen
291 2321 397 2392 statui
419 2255 646 2392 substraliere
669 2319 821 2393 viriliter
837 2321 994 2410 fomenta
1014 2319 1099 2408 illa,

155 2431 160 2437 '
176 2415 283 2489 uibus
302 2418 508 2489 crudescere
523 2413 657 2488 malum
701 2435 792 2489 otest
813 2433 849 2489 et
870 2416 1097 2488 invalescere.

151 2445 237 2590 idoli
250 2522 333 2616 ergo
346 2532 530 2615 expectare
543 2519 563 2586 d
574 2544 632 2587 me
643 2447 754 2586 ullam
769 2515 929 2615 pecuniae
939 2509 1100 2616 partem',

151 2615 223 2726 (pud
245 2611 425 2685 funestum
443 2613 578 2685 nutrias
601 2613 687 2706 isleae
698 2613 887 2685 -cacodthes
903 2627 940 2684 et
957 2615 1102 2687 insana-

149 2711 221 2780 b1le
245 2707 361 2783 forsdn
383 2708 530 2784 efficias.
559 2713 632 2783 Sed
648 2739 731 2783 ama
755 2713 874 2810 potiris
895 2733 1040 2782 auream
1062 2709 1104 2782 il-

151 2807 225 2878 lam
248 2802 285 2878 in
307 2810 417 2879 amico
438 2807 573 2902 fidem,
595 2811 817 2910 ,quee'pr'avis
838 2809 942 2878 amici
965 2807 1104 2907 cu'pidi-

155 2903 289 2976 tatibus
307 2905 576 3005 obsequendum
595 2908 736 2996 mimis,
757 2909 867 3006 qudin
882 2905 975 2975 veris
992 2904 1102 3006 ipsius

157 3002 348 3075 commodis
374 3003 600 3094 serviendum
625 3001 778 3074 duxerit.
811 3001 915 3075 Vale.
1023 3051 1049 3086 .·
1220 2997 1222 3006 ’

158 3197 1100 3236 mmmmmmvwwmmww

475 3349 783 3421 ARISTO

329 3515 406 3588 Pro
434 3487 663 3616 'scapton
686 3511 929 3587 Varenum.
1002 3554 1006 3636 3

164 3633 312 3762 Nmrn
333 3713 397 3788 ego
415 3685 490 3784 jam
505 3713 652 3778 vereor,
675 3685 796 3756 Ariste
817 3684 868 3754 mi
885 3735 897 3776 ,
924 3680 1028 3754 fateri
1043 3711 1103 3784 pa·
1149 3698 1256 3745 Gratula-

162 3783 236 3857 lslm
255 3783 418 3858 timorem
434 3811 556 3859 meum
570 3799 638 3888 ‚et
657 3781 723 3855 tibi
740 3781 809 3884 ipsi
824 3781 1104 3883 magnitudinem
1115 3761 1211 3810 ''mh‘'
