2736 4414
310 230 515 305 'mn
564 252 831 304 nunnus.
988 231 1062 336 573

121 346 326 432 sustineam.
356 355 462 428 Absit
481 355 546 428 boc
575 359 596 426 b
624 355 701 429 me!
738 344 856 428 Nemo
876 355 1061 430 hominum

122 474 194 546 est,
216 454 304 525 mihi
326 455 454 545 crede,
480 459 652 553 quautbm
675 470 729 526 est
746 455 810 554 qui
831 451 976 546 vivunt,
997 455 1060 566 qui

119 579 177 624 res
194 552 260 622 tibi
274 552 441 623 secundas
456 553 616 650 cupidius
627 553 736 644 velit,
757 569 819 623 aut
836 553 977 622 easdem
995 553 1060 623 ubi

119 649 298 721 lubentids
310 650 518 748 gratuletur.
539 651 647 720 Esto:
667 675 802 748 pcnme
818 649 900 720 licet
910 701 921 741 ,
942 644 1061 719 fiuere
1078 733 1081 742 .

122 746 222 816 bonis
242 746 336 836 illis,
360 773 441 844 quse
458 745 526 817 tibi
546 746 672 858 Superi
698 741 879 817 liberalids
900 746 1058 816 indulso«
1150 779 1158 788 ·

119 861 225 932 runt3
270 844 361 913 aude
379 845 487 914 etiam
505 844 585 915 laets
602 844 665 914 illd
681 859 792 934 sorte,
814 869 922 943 quam
933 843 1060 914 iisdem

118 869 318 1012 laventibus
340 939 489 1039 adeptus
509 969 558 1012 es.
569 941 752 1012 Gaudebo
770 955 887 1010 tecum
904 940 1058 1042 pariter,

117 1053 158 1108 et
175 1037 237 1109 illa
258 1037 350 1108 bona
369 1036 433 1107 tibi
453 1053 495 1108 ut
519 1065 581 1136 pro
606 1039 664 1114 ria
678 1036 831 1128 faciant,
862 1037 957 1109 ultub
974 1063 1058 1136 pre-

116 1133 236 1206 cabor.
255 1134 394 1206 Tamen
405 1142 476 1204 non
492 1065 633 1206 cessabo
644 1161 786 1206 monere
798 1151 834 1205 te
847 1134 1056 1234 diligenter,

117 1249 161 1302 nt
182 1229 405 1302 insolentiore
426 1230 549 1302 laetitia
572 1231 760 1304 abstineas.
792 1233 869 1302 Hoc
897 1232 1058 1332 relinque

117 1327 256 1426 pusillis¹
272 1329 414 1427 suisque
426 1353 497 1398 non
518 1329 600 1401 satis
616 1328 832 1441 compotibus
849 1330 996 1422 animis,
1016 1345 1059 1400 ut
1155 1331 1158 1340 '

114 1451 240 1498 renum
263 1451 307 1496 ex
330 1441 410 1496 voto
430 1423 619 1498 fluentium
637 1431 737 1526 copm
761 1454 802 1497 su
828 1425 943 1497 erbibs
967 1423 1061 1510 effe-¹

118 1541 267 1612 rantur,
304 1548 420 1622 neque
450 1522 563 1593 ullum
588 1515 737 1596 fortuna*
759 1455 905 1608 cidbntis
928 1524 974 1594 ad
999 1551 1055 1596 as-

118 1636 261 1719 pectum
278 1643 416 1692 servare
429 1621 579 1692 modum·
589 1622 734 1720 possint.
753 1621 912 1693 Postulat
935 1621 1056 1694 invicti

33 1795 36 1812 Ι
113 1717 228 1788 'animi
256 1718 476 1809 constantia,
508 1735 549 1788 ut
577 1747 648 1790 uon
677 1721 792 1790 minus
826 1743 925 1790 casus
963 1719 1061 1802 inter·

114 1839 319 1914 prosperos,
342 1819 451 1928 quam
462 1816 554 1888 inter
566 1817 728 1888 adversos
744 1843 883 1916 aequam
899 1833 1056 1887 mentem

110 1937 256 1982 servare
270 1930 452 1984 sustineat.
465 1915 572 2005 Quod
584 1915 651 1986 nisi
667 1913 783 1986 valeat
793 1915 954 2012 assequi,
973 1915 1056 2012 qui·

27 2021 32 2030 '
115 2005 184 2077 bus
196 2037 233 2078 se
245 2009 388 2079 demum
404 2011 581 2108 periculis,
597 2009 745 2084 lbrtunae
757 2007 848 2082 filius
864 2062 874 2100 ,
895 2010 1061 2110 quisquis*

116 2104 213 2193 mit,
245 2101 395 2201 objiciet.
428 2105 493 2174 Est
516 2106 609 2175 euim
627 2104 730 2196 haec,
764 2124 805 2176 ut
826 2124 910 2178 saus
931 2123 1052 2198 nosti,
1117 2118 1126 2130 “

116 2199 284 2273 Numinis
303 2199 399 2270 illius
411 2199 567 2292 indoles,
589 2218 630 2272 ut
645 2201 881 2272 mutabilitate
902 2203 1054 2275 maxim&
1172 2280 1174 2288 ,

115 2297 295 2398 gaudeat,
318 2313 357 2367 et
375 2295 667 2394 mperbosatiam
683 2297 1056 2394 triumphostristissi-

116 2395 183 2466 mis
216 2407 353 2468 vertere
379 2391 565 2464 funeribus
601 2391 806 2462 delectetur.
842 2393 946 2462 Hanc
971 2399 1056 2466 vers

115 2489 273 2564 reflantis
302 2487 367 2563 loti
388 2489 561 2562 saevitiam
586 2495 684 2560 tantb
707 2489 902 2588 graviorem
926 2491 1059 2563 sentire

142 2587 321 2682 uis'solet,
362 2595 470 2661 uantb
484 2587 625 2680 suavius
648 2585 864 2658 blandientis
874 2587 1056 2661 illecebras

115 2615 321 2785 degtmtdiit.
376 2715 439 2758 um
455 2693 541 2760 verb
557 2685 601 2756 lae
619 2684 653 2700 '⁸
708 2682 861 2755 succedit
879 2683 996 2775 dolor,
1018 2703 1057 2758 ct

116 2783 363 2856 immoderatos
384 2785 474 2854 risus
494 2783 607 2855 amari
653 2797 730 2854 etus
754 2799 937 2877 occupant.
962 2761 1054 2855 Vlde

116 2905 237 2978 crgo,
251 2875 301 2947 mi
323 2877 546 2978 Theophile,
568 2905 623 2949 ¹ne
651 2877 738 3043 auid
756 2874 863 2946 rebus
889 2877 927 2944 in
953 2903 1054 2988 pros-

115 2975 210 3074 peris
224 2975 423 3062 admittas,
452 2975 554 3074 cujus
573 2974 613 3043 iu
632 2999 654 3043 a
679 2973 787 3045 versis
813 2989 849 3043 te
867 2991 1051 3074 poeniteat.

115 3075 170 3144 lat
187 3077 313 3171 porrb,
340 3072 369 3142 si
389 3099 447 3142 me
464 3071 606 3168 audias,
628 3065 805 3142 fortunam
822 3069 912 3142 feres
932 3087 1051 3164 tuam,

115 3188 158 3241 ut
178 3171 229 3261 si,
248 3196 310 3268 pro
331 3168 547 3260 mobilitate,
571 3171 643 3268 qud
663 3168 697 3239 vi
721 3185 782 3258 et,
807 3171 883 3246 tte
900 3195 1053 3244 recesse-

115 3267 162 3344 rit
175 3317 187 3360 ,
213 3271 256 3340 et
274 3263 375 3341 facile
390 3291 506 3340 catere
525 3265 649 3365 possis.
706 3265 777 3338 ale.

1116 3275 1123 3322 l

1328 2529 1334 2548 t
