2768 4410
260 231 536 284 ‘crasa
585 227 857 278 seruus.
995 185 1113 307 317,

125 335 317 410 tractandis
339 333 469 407 morbis
486 355 582 403 suas
608 357 645 402 es
664 357 748 401 eum
764 357 833 401 non
857 327 1067 425 frustretur,

70 467 75 482 ·
125 451 329 534 certamque
359 433 521 504 omnibus
545 358 670 500 illim
698 426 910 504 sanitatem?
936 428 1003 497 nisi
1025 445 1069 500 ut

126 531 272 630 cognitis
298 529 391 604 veris
416 525 618 600 morborum
647 526 758 600 causis
785 524 944 596 remedia
968 541 1069 624 paret

125 627 274 720 idonea,
310 652 390 727 quse
420 625 619 696 medentem
652 627 838 728 nunquam
866 619 1007 712 fallant,
1034 637 1071 693 et

125 751 237 824 aegros
259 750 397 823 semper
418 719 665 820 consolentur?
681 723 805 820 Atque
816 721 953 791 utinam
970 720 991 790 J
993 717 1071 790 udi·

125 849 204 911 ces,
256 837 403 892 uantum
420 815 473 892 es't
489 822 636 891 istorum
651 816 854 910 hominum,
875 813 938 928 qui
955 815 1068 887 lubri-

125 945 205 990 cam
255 919 399 988 edicinae
412 934 524 990 artem
533 913 954 1030 profitentur,salutileris
972 912 1069 1012 ejus-

125 1015 223 1094 modi
240 1013 401 1114 precibus
426 1017 516 1114 saepe
539 1013 805 1114 interpellarent
831 1015 1006 1114 Superos,
1034 1027 1072 1083 et

126 1111 242 1187 audiri
259 1113 305 1183 ab
320 1112 363 1184 iis
383 1111 627 1183 mererentur!
650 1112 734 1182 Nou,
747 1111 958 1184 illuderetur
978 1136 1069 1210 quo·
1089 1123 1094 1132 '

48 1271 52 1280 .
125 1210 212 1280 tidie
227 1211 353 1282 nostris
372 1207 573 1321 corporibus
584 1225 659 1280 tam
672 1207 935 1300 miserabiliter,
954 1233 1072 1306 neque

127 1307 350 1379 Medicorum
359 1307 532 1378 inscitiam
544 1307 670 1378 nostris
679 1305 846 1406 impensis
858 1307 1068 1376 doleremus.

178 1403 277 1496 Quid
294 1403 324 1474 si
339 1401 542 1501 Melampus
565 1403 733 1502 peculiari
745 1403 898 1504 quodam
911 1404 1072 1473 Deorum

125 1500 381 1572 immortalium
399 1495 539 1570 afflatus
549 1500 693 1598 spiritu,
713 1517 776 1571 aut
787 1525 850 1612 pro
867 1493 1073 1598 suaperspi·

126 1599 222 1670 cacia
235 1597 450 1700 cognovisset
456 1626 501 1670 ex
510 1601 599 1670 a‘e’ris
613 1598 819 1696 intemperie
832 1648 844 1687 ,
861 1623 992 1668 novum
1004 1595 1069 1667 ali-

127 1697 224 1797 quod
245 1713 283 1768 et
304 1697 537 1768 metuendum
558 1695 718 1793 inprimis
741 1691 942 1764 morborum
960 1719 1071 1793 genus

126 1793 254 1866 nostris
270 1793 461 1866 cervicibus
483 1792 680 1864 imminere.
706 1791 789 1863 Non
810 1789 934 1860 debuit
949 1790 987 1860 in
1012 1788 1069 1862 bis

127 1918 248 1964 rerum
275 1889 447 1979 ad'unqtis
481 1891 657 1961 studiosus
688 1887 964 1988 uniuscujusque
986 1915 1067 1959 nos-

126 1992 223 2060 trrlm
239 1919 400 2064 Medicus
417 2013 456 2059 ac
468 1985 618 2087 publicae
626 1984 873 2058 incolumitatis
889 1985 1069 2086 cupidissi-

127 2113 226 2176 mus,
256 2113 383 2158 novam
398 2085 551 2182 picissim
573 2085 639 2156 sibi
660 2085 839 2188 apprecsri
865 2083 1065 2176 solertiam,

29 2193 32 2196 ’
127 2198 166 2255 et
182 2208 285 2281 opem
299 2187 321 2263 a
337 2183 479 2282 Superis
495 2209 566 2254 non
579 2182 762 2283 vulgarem
801 2182 968 2273 ostulsre,
988 2209 1069 2282 queo

12 2345 15 2350 .
129 2279 205 2354 vim
220 2280 501 2380 impendentium
516 2279 719 2371 morborum
739 2211 926 2379 miringat,
942 2295 979 2351 et
995 2297 1068 2351 tam

128 2377 296 2480 gravibus
311 2377 538 2449 incommodis
554 2377 751 2450 medeatur.

178 2477 313 2549 Verum
328 2475 407 2578 quis
418 2475 456 2548 in
470 2475 728 2554 accusatoribus
743 2475 917 2590 Melampi
934 2475 1068 2549 tantam

128 2575 389 2675 improbitatem
407 2573 517 2661 ferat,
536 2591 577 2646 ut
592 2573 637 2645 de
653 2571 885 2674 probatissimi
908 2573 976 2648 viri
992 2603 1067 2647 mo·
1122 2567 1283 2652 mmuao'

128 2671 226 2744 ribus
246 2701 289 2746 ac
307 2670 403 2748 sarna
429 2671 656 2746 detraherent
668 2671 844 2744 lrS‘cilicet
859 2701 931 2744 non
949 2701 1067 2746 sense·
1080 2667 1261 2782 ,23⁰³ssss

127 2785 216 2846 runt
236 2769 288 2842 illi
309 2772 520 2870 persuadere
543 2769 643 2841 facile
666 2798 702 2842 se
724 2797 846 2870 posse,
870 2772 965 2870 quod
986 2799 1068 2842 con-
1164 2750 1194 2798 μ
1234 2767 1243 2782 ”

130 2863 324 2957 finxerant,
343 2867 411 2938 nisi
426 2869 595 2940 intactam
614 2867 783 2940 hactenus
799 2895 819 2936 o
844 2867 922 2938 timi
938 2869 1069 2942 Medici
1107 2929 1110 2934 ,
1254 2913 1264 2944 1
1382 2895 1383 2898 ’

129 2963 242 3040 vitam
257 2963 295 3034 in
308 2964 477 3037 invidiam
499 2965 728 3060 adducerent.
747 2893 944 3056 Aurliistis,
968 2963 1070 3052 Judi·¹

129 3087 211 3152 ces,
229 3087 294 3133 nec
305 3061 378 3131 sine
394 3063 500 3134 tacita
513 3062 755 3162 indignatione
771 3061 931 3135 audiistis
947 3087 1069 3158 expro-

127 3157 269 3240 bratam
290 3157 469 3256 Melampu
483 3158 590 3232 fuisse
603 3161 743 3234 avidam
760 3158 892 3230 sordidi
907 3157 997 3227 lucri
1008 3158 1070 3229 cuss

78 3347 80 3355 .
128 3255 333 3356 piditatem,
351 3255 453 3356 quasi
471 3283 541 3328 non
561 3273 635 3327 tam
650 3255 892 3355 impertiendae
918 3253 1066 3348 salutis,

129 3357 239 3452 qutun
254 3352 487 3448 reifaciondae
504 3353 619 3424 studio
636 3355 683 3424 ad
699 3379 762 3425 nos
778 3351 969 3424 accederet.
986 3355 1069 3446 Qud

129 3449 168 3518 in
183 3477 220 3522 re
236 3467 346 3524 testor
366 3449 576 3542 multorum,
600 3450 742 3552 quitus
764 3451 917 3544 adsunt,
936 3447 1068 3544 lidcm;

130 3547 195 3644 qui
210 3548 382 3648 Melampi
407 3547 600 3640 solertiam,
620 3548 799 3641 studitun,
824 3547 1066 3640 sedulitatem,

131 3640 268 3716 labores
293 3646 449 3748 experti,
473 3645 611 3720 nullum
626 3669 784 3748 unrpram
800 3647 838 3716 in
855 3673 896 3718 eo
912 3647 1068 3738 auaritiae

132 3740 319 3843 vestigium
343 3771 557 3845 persensere.
572 3746 726 3846 Surgunt
745 3745 923 3840 enimverb
932 3797 944 3840 ,
964 3743 1069 3850 siqui
