2756 4414
312 192 390 279 ’φο
606 201 1016 256 nnnrorrcss

316 327 372 381 ter
395 321 610 406 arrogarent.
633 305 825 474 Effegium
845 305 1023 380 enimvero
1042 303 1256 380 fortitudinis

315 405 552 494 domicilium,
579 419 656 475 tant
695 431 717 474 a
736 403 963 476 delicatorum
977 403 1159 476 hominum
1175 432 1255 476 cor·

265 516 268 524 '
315 501 489 602 pussula!
520 501 589 573 Nae
624 501 817 573 consultam
848 505 976 598 panlm
1005 501 1255 594 illiaestimant

314 616 506 691 naturam,
532 599 694 692 Judices,
718 625 798 700 quae
817 614 915 668 tanto
936 597 1065 698 hospiti
1074 599 1149 670 talc
1166 599 1259 699 prael

332 713 474 771 arasset
500 696 712 796 hospitium!
739 694 814 788 Qui
838 695 960 795 plenos
987 697 1105 770 nervis
1122 724 1164 768 ec
1194 723 1254 768 ro·

315 724 400 866 hore
434 795 605 886 lacertos,
632 794 789 894 amplum
816 820 856 864 ac
884 794 1076 893 spatiosum
1103 810 1254 893 pectus,

314 887 404 962 latos
428 891 617 982 humeros,
645 919 685 964 ac
710 905 835 962 caetera
856 891 1006 990 corporis
1029 889 1254 964 firmamenta

216 1025 221 1032 ·
316 1005 490 1061 ostentare
514 1005 684 1090 possunt,
710 987 785 1079 illi,
856 1014 956 1060 rme
980 988 1063 1060 licet
1088 985 1194 1061 fortes
1213 1015 1255 1060 ac

315 1087 472 1187 generosi
484 1098 743 1184 nuncupentur.
760 1014 855 1156 sege
871 1085 933 1156 uid
948 1113 1013 1186 ego
1029 1085 1104 1159 haeo
1113 1084 1255 1186 disputo
1313 1165 1320 1176 .

314 1184 494 1256 verbosius
509 1183 524 1254 ἓ
544 1185 609 1256 Est
624 1183 751 1294 aliquis
762 1111 939 1273 vesnhm,
958 1183 1022 1283 qui
1042 1180 1156 1255 facere
1171 1211 1255 1258 cum

314 1281 468 1354 Picardis
496 1278 710 1352 fortitudims
734 1279 929 1380 pericnlum
947 1278 1060 1353 veliti
1086 1279 1149 1382 qui
1168 1305 1255 1351 con·

315 1406 428 1450 serere
452 1378 635 1450 nobiscum
657 1401 782 1448 manus
796 1375 951 1447 audeat?
974 1377 1105 1468 siletis,
1131 1376 1254 1449 obstu-

314 1474 477 1576 pescitisl
494 1475 552 1547 Ne
564 1477 677 1549 Vasco
697 1474 842 1576 quidem
854 1472 988 1545 hiscere
1013 1490 1131 1546 contra
1148 1473 1255 1574 quid-

316 1600 426 1673 quam
450 1571 602 1644 confidat
618 1572 632 1643 3
648 1573 846 1645 Prudenter
866 1567 926 1644 vo's
951 1571 1097 1672 quidem
1113 1599 1154 1644 ac
1177 1597 1255 1643 con·

316 1671 408 1742 sulco
432 1668 570 1762 lacitis3
590 1667 710 1770 ‘neque
743 1669 770 1740 ii
787 1669 927 1837 pariter
954 1695 1102 1763 sumus,
1125 1669 1272 1771 quibus-

314 1768 401 1842 tixae
429 1769 788 1867 contentionesquep
823 1783 937 1838 ceant.

365 1865 504 1936 Tamen
522 1861 587 1935 hoo
605 1865 762 1936 restabat
790 1891 924 1956 unum,
945 1863 1113 1957 Judices,
1137 1881 1178 1936 ut
1201 1863 1257 1938 illi

316 1963 504 2033 candorem
526 1989 565 2032 ac
581 1962 775 2033 bonitatem
791 1961 916 2034 indolis
932 1961 1085 2032 Picardis
1114 1961 1256 2034 invide·

317 2076 409 2144 rent.
426 2059 604 2159 Quoquid
615 2059 796 2159 iniquius,
819 2059 944 2130 amabo
966 2075 1044 2150 vos,
1064 2059 1152 2160 quid
1166 2059 1256 2132 alie·

317 2183 406 2227 num
417 2157 528 2255 magis
542 2160 564 2227 a
579 2157 755 2228 communi
765 2155 947 2228 hominum
959 2157 1120 2256 opinione
1132 2154 1258 2256 jactari

316 2247 475 2352 poterat?
503 2255 616 2344 Quasi
638 2254 684 2325 sit
703 2253 830 2353 aliquis
845 2254 1001 2424 uspiam,
1021 2281 1084 2368 qur
1098 2271 1255 2348 nesciet,

318 2367 393 2422 tam
415 2377 489 2421 esse
513 2351 691 2456 propriam
711 2351 878 2428 Picardioe
925 2367 1064 2425 onitatrs
1092 2351 1256 2444 laudern,

317 2463 359 2519 ut
379 2447 462 2519 boni
477 2463 657 2546 κατεξοχὴν
674 2450 813 2522 Picardi
836 2449 1105 2550 nuncupentur!
1134 2453 1257 2550 Atque

317 2546 455 2616 utinam
482 2572 553 2628 non
590 2561 664 2618 tam
699 2545 781 2618 honi
820 2575 983 2646 semper,
1014 2545 1185 2620 Judicest
1217 2549 1258 2623 Si

280 2643 399 2742 Nquis
421 2659 475 2715 est
497 2645 536 2714 in
557 2647 674 2716 nostrl
695 2661 798 2744 gente
818 2671 963 2734 naevus,
987 2643 1017 2716 is
1039 2642 1085 2715 ab
1107 2649 1179 2718 una
1196 2644 1261 2716 bo:

317 2741 430 2812 nitate
455 2737 627 2839 profectus
649 2743 764 2840 potuit
777 2739 909 2814 'videri
930 2742 1148 2842 Quanqulm
1164 2741 1259 2816 nihil

317 2837 415 3006 piget
423 2867 433 2929 3
448 2837 566 2936 juvat,
581 2837 635 2910 vel
646 2837 763 2939 aliquo
770 2838 920 2911 nominis
932 2839 1041 2912 nostri
1053 2839 1235 2938 dispendio
1243 2891 1257 2932 ,

344 2934 513 3007 onitatem
544 2937 637 3008 tueri
664 2937 837 3036 tanquam
862 2953 1019 3009 nostram
1037 2964 1153 3037 posse.

367 3031 485 3119 Nona
509 3059 606 3104 osvos
621 3032 783 3104 morabor
799 3035 955 3107 oratione
971 3033 1142 3136 longiori,
1161 3037 1258 3106 Infe-

318 3129 460 3230 gerrimi
486 3059 643 3201 ludices.
679 3130 828 3220 Facite,
864 3158 1010 3232 quaeso3
1046 3149 1088 3204 ut
1126 3139 1260 3230 quanto

317 3225 598 3302 contumeliosius
632 3227 833 3328 despectam
859 3229 898 3302 in
930 3229 996 3302 hac
1026 3229 1260 3302 controversia

317 3341 461 3436 gentem
496 3340 653 3399 nostram
684 3327 864 3420 sensistis,
902 3333 1001 3400 tanto
1032 3325 1259 3406 illustriorem

316 3447 356 3510 m
382 3421 544 3500 Picardos
576 3423 787 3504 sententiam
808 3423 942 3502 feratis.

666 3635 912 3713 mm.
