2768 4410
125 367 145 413 Α

50 433 52 442 ¹
106 432 171 482 nan,

8 3028 11 3034 ,
103 2961 163 3010 mili.

300 229 390 312 270ν
572 225 987 280 RHETOR'ICAE

153 367 288 416 omui„
348 327 445 402 Nam
489 326 546 398 uis
571 355 730 428 unquam
752 327 973 426 triumphus,
997 352 1076 430 quse
1096 329 1242 405 victoria*
1346 401 1354 418 ,

156 437 161 446 ’
254 473 255 480 1
298 442 434 516 tautam
493 425 499 440 '
549 427 704 540 ¹peperit
729 421 850 524 priscis
879 425 1044 540 heroilius
1067 427 1237 540 gloriam,

298 537 470 636 quantam
484 547 642 623 regiones
664 523 750 632 illm,
777 549 864 623 quas
908 540 1013 595 aratis
1036 549 1140 596 amus
1157 553 1237 598 ves-

239 665 243 674 ,
297 616 851 718 trissubjicere,vobisolleruntl
904 638 1237 722 ementote,quoes0,

298 723 407 822 qudm
421 716 569 790 uberem
582 718 643 788 illa
659 707 856 815 palmaium
867 735 1020 820 segetem
1027 753 1041 812 ,·
1051 723 1159 820 qudm
1172 717 1239 793 foe-

297 815 451 888 cundum
469 815 650 888 laurarum
667 815 803 913 sylvam
818 816 922 887 tellus
943 833 1114 908 ostentet,
1131 844 1240 917 quam

298 913 460 986 Christus
472 911 547 1013 ipse
563 913 707 1026 dignam
720 915 791 984 suis
801 912 979 986 laboribus
989 915 1083 985 inter
1095 931 1240 987 eaeteras

297 1009 479 1106 judicavit.
507 1011 597 1082 Haec
614 1037 692 1110 ipsa
720 1026 815 1082 terra
843 1027 926 1102 est,
947 1039 1055 1124 (priam
1075 1012 1239 1111 delapsus

297 1107 580 1208 &pulcherrimo
608 1107 687 1180 coeli
712 1107 885 1179 domicilio
911 1109 978 1181 sibi
1005 1109 1050 1180 ad
1073 1109 1240 1181 habitan-

297 1205 383 1278 dum
404 1205 530 1306 elegit,
555 1231 668 1318 quam¹
683 1203 858 1318 impressit
877 1207 1031 1306 ¹vestigiis
1041 1259 1053 1297 ,
1126 1207 1241 1306 regri-

210 1325 215 1332 ·
296 1301 497 1374 nationibus
511 1305 705 1392 decoravit,
720 1319 825 1374 tinxit
834 1303 1019 1376 sudoribus
1028 1357 1039 1396 ,
1049 1304 1075 1376 il
1089 1308 1240 1377 ustravit

295 1399 474 1472 miraculis
483 1392 521 1470 et
528 1401 634 1472 totius
647 1397 817 1477 ellusione
827 1401 1004 1514 sanguinis
1015 1402 1239 1502 purpuravit.

296 1499 344 1569 Et
369 1497 461 1569 hanc
487 1495 553 1568 sibi
582 1504 793 1570 terram'tot
811 1497 857 1568 ab
871 1498 955 1585 lunc
981 1497 1081 1570 annis
1098 1497 1245 1570 barbari

296 1594 501 1686 vindicent,
538 1591 739 1674 foedissimis
772 1597 974 1669 dae‘monum
1013 1595 1243 1695 religionibus
1302 1642 1308 1653 -

295 1690 481 1790 polluant,
500 1690 623 1764 infami
640 1693 736 1764 lucro
749 1693 985 1791 mancipium,
1004 1709 1041 1765 et
1061 1695 1242 1764 sanctissi-

296 1813 365 1860 mae
393 1788 586 1888 Religionis
610 1805 737 1861 nostrae
758 1790 875 1888 spoliis
901 1789 1027 1862 divites
1048 1789 1150 1861 nobis
1174 1817 1240 1861 uu-

297 1887 405 1958 deant
413 1885 604 1958 insultaret
613 1887 794 1958 Excitetur
806 1887 852 1958 ud
860 1887 951 1958 tanti
967 1886 1149 1958 dedecoris
1164 1915 1242 1962 me·

296 1984 446 2057 morium
477 1981 757 2056 Christianorum
783 1981 930 2056 heroum
952 1980 1149 2076 fortitudo,
1183 1983 1239 2055 in-

296 2083 467 2154 cendatur
489 2080 664 2173 studium,
685 2079 797 2179 pietas
814 2077 1068 2154 inflammetur.
1083 2083 1238 2174 Videte,

296 2205 440 2280 quasso,
462 2207 533 2272 ne,
560 2185 641 2252 cum
659 2179 777 2250 nullus
802 2179 841 2251 in
865 2195 939 2251 tote
958 2195 1134 2254 lemarum
1156 2166 1248 2252 orbel

295 2273 389 2350 locus
411 2279 457 2350 sit
483 2267 656 2369 sanctior,
677 2276 795 2349 nullus
817 2277 915 2350 cultu
938 2295 1054 2352 restro
1077 2278 1235 2379 dignior,

295 2375 417 2450 nullus
447 2374 583 2452 meliori
612 2374 693 2475 jure
729 2375 828 2449 vobis
863 2377 1105 2476 mancipatus,
1142 2379 1242 2447 tauto

295 2474 518 2547 tolerandum
544 2473 661 2545 nunus
688 2474 801 2546 videri
829 2473 979 2566 debeat,
1003 2472 1239 2543 hereditatem

294 2586 371 2641 tarsi¹
386 2587 542 2641 sanctem
552 2621 563 2660 ,
590 2587 664 2640 tam
678 2571 869 2641 verendum
881 2587 983 2660 ,tam
1003 2569 1237 2668 expetendam

294 2665 340 2736 ab
353 2667 470 2779 impiis
483 2665 686 2738 hominibus
703 2665 875 2763 occupari.
895 2665 948 2738 Ite
958 2665 1069 2766 igitur
1080 2665 1212 2738 alacres

292 2761 448 2862 perficite
472 2758 628 2854 fortiter,
652 2763 747 2862 quod
770 2761 843 2834 tuni
866 2761 1015 2836 viriliter
1030 2763 1235 2846 inchoastis.

121 2897 143 2942 Λ
155 2895 283 2944 eman.
343 2863 450 2954 Quod
468 2859 497 2932 si
516 2855 739 2935 difficultates
762 2859 952 2952 itinerum,
970 2888 1090 2934 rerum
1106 2887 1241 2976 angus-

291 2960 373 3052 tiss,
401 2959 563 3031 laborum
588 2959 780 3057 asperitas,
800 2949 968 3058 gravioris
992 2961 1078 3032 belli
1097 2957 1240 3032 fastidia

293 3057 524 3131 constantium
548 3071 702 3128 vssnsm
720 3057 982 3156 ‚pertentabunt
993 3111 1004 3150 ,
1026 3076 1063 3131 et
1082 3055 1237 3130 incredi-

292 3157 402 3230 bilem
426 3155 550 3247 illum,
575 3179 646 3255 quo
661 3153 735 3255 jam
754 3156 911 3228 succensi
938 3157 1044 3247 estis,
1075 3155 1237 3229 ardorem

291 3253 508 3327 videbuntur
532 3269 756 3354 temperare3
783 3281 861 3353 spes
881 3253 970 3346 illa,
1001 3281 1108 3355 quum
1137 3248 1236 3324 vobis

291 3353 359 3450 ipsi
371 3351 621 3452 proposuistis,
634 3379 696 3423 vos
714 3368 910 3440 sustentet,
926 3369 963 3424 et
981 3349 1137 3450 praeclari
1152 3343 1237 3416 laci-

290 3451 410 3544 noris,
443 3449 500 3521 cui
520 3451 658 3522 navalis
682 3469 847 3550 operam,
871 3449 1077 3522 conscientia
1113 3470 1237 3516 conso·

249 3579 252 3588 ’
272 3637 274 3646 Ι
291 3546 397 3621 letur.
416 3547 549 3623 Veniat
565 3543 769 3646 linquentes
779 3547 878 3618 vobis
894 3547 932 3617 in
944 3562 1122 3636 mentem,
1137 3539 1235 3656 quod

292 3645 374 3718 Reli
399 3647 469 3720 'oni
491 3644 631 3744 ipsique
652 3645 731 3714 Deo
754 3643 938 3734 militatiu3
966 3643 1062 3743 quod
1093 3664 1234 3714 unsver-

291 3769 339 3816 sae
358 3743 638 3818 christianorum
650 3742 746 3844 genti
758 3757 876 3816 tutum
889 3769 929 3816 ac
947 3739 1086 3817 facilem
1103 3741 1139 3813 in
1153 3735 1232 3810 illas
