2766 4412
232 223 238 240 '
345 247 554 299 ursus
600 239 876 298 rnrnrs:
1005 209 1075 296 36'1

1 291 3 424 i
189 347 300 444 'Qubd
329 349 358 420 si
386 365 461 420 tam
481 347 615 420 'frustra
639 363 779 448 gentem
807 347 844 416 in
870 343 974 417 illam‘
1000 372 1079 416 cer*-

141 461 257 518 tatum
291 463 365 537 est,
396 446 559 544 Princeps
582 444 845 543 sapientissime
857 496 869 534 ,
906 447 977 588 pub
1018 469 1079 541 spe

141 545 264 616 deince
290 571 305 614 s
329 545 367 615 in
387 544 534 615 eandem
556 544 677 616 sevire
699 542 922 642 parabimus.
945 540 980 610 si
991 565 1082 610 cres-

143 668 231 732 cere¹
250 571 395 713 ubterir'rs
444 657 563 741 ergat,
594 641 625 710 si
651 667 723 710 sors
746 639 807 711 illa
826 636 1080 737 'suppliciorum

37 815 40 827 ,
138 756 221 827 est,
246 739 374 839 quibus
397 669 496 810 ilfam
516 765 738 827 exercemus,
761 752 802 808 ut
822 762 954 808 novum
974 733 1082 805 robur

91 905 97 912 ,
141 832 342 927 sufficiant,
366 836 454 918 nihil
473 864 517 908 ne
530 836 760 906 metuendum
775 851 878 933 putas
888 885 899 924 ,
917 859 986 924 ne,
1001 836 1083 904 crim

142 932 333 1022 invaluerit
355 934 501 1005 tandem
519 933 735 1033 aliquandb,
761 930 996 1003 tristissimam
1014 929 1083 1000 fibi

136 1029 358 1196 perniciem,
385 1030 521 1103 cladem
545 1031 714 1131 imperio,
745 1029 812 1130 ipsi
841 1031 1001 1100 Deorum
1028 1053 1088 1111 re»,

160 1127 262 1226 'gioni
281 1129 420 1200 ruinam
442 1129 620 1200 moliatur.

191 1225 318 1296 Patere
348 1226 481 1324 igitur,
497 1273 500 1278 -
521 1226 644 1297 Prince
669 1253 684 1296 s
704 1225 1001 1325 sapientissime,
1042 1237 1083 1294 ut

140 1319 203 1392 illa
226 1321 388 1421 deinceps
408 1340 519 1393 cesset
545 1253 744 1394 carnifcina
754 1375 765 1412 ,
783 1349 891 1421 quam
907 1323 946 1393 in
963 1319 1084 1391 Chris-

141 1419 281 1490 tianum
296 1445 408 1529 genus
425 1435 499 1488 tam
515 1419 610 1490 nullo
627 1418 743 1490 fructu
758 1419 988 1489 exercuimus.
1002 1416 1083 1487 Suis

141 1515 195 1586 issi
224 1514 361 1585 addicti
385 1515 558 1588 erroribus
590 1515 713 1587 inanes
741 1515 888 1586 recentis
916 1542 956 1585 ac
984 1539 1110 1602 novoe·

141 1610 318 1710 religionis
345 1611 459 1684 lamas
494 1629 747 1684 consectentur.
777 1612 1003 1684 Emoriantur
1030 1611 1082 1682 illi

140 1698 372 1782 natalibus-in
391 1707 545 1781 tenebris
555 1739 566 1801 ;
586 1728 623 1781 et
635 1710 776 1808 quando
793 1709 1003 1780 nullistanti
1014 1710 1083 1778 Im·
1109 1701 1271 1821 ἕψῃ,

26 1893 31 1902 ,
139 1806 309 1905 peratoris
322 1807 380 1878 vel
392 1806 592 1900 blanditiis,
611 1807 668 1880 vel
684 1806 865 1906 precibus,
875 1807 937 1878 rel
954 1805 1076 1898 minis,
1090 1844 1104 1889 ὁ
1131 1789 1270 1903 {³02qu

141 1903 199 1976 vel
213 1903 402 1976 terroribus
425 1906 580 1976 revocari
596 1904 642 1975 ad
655 1904 834 1976 meliorem
858 1901 995 2004 frugem
1008 1933 1078 1976 non
1090 1907 1127 1986 ‘¹5⁸
1157 1903 1269 1954 cmm·

141 2017 355 2098 potuerunt,
378 2001 543 2100 permitte
567 1999 643 2072 illos
666 1999 795 2072 infelici
815 2001 940 2101 genio,-
961 2029 1077 2101 neque
1089 1989 1136 2020 Μ’
1277 2011 1279 2018 '

141 2107 243 2168 tuam
266 2099 409 2197 posthac
424 2116 487 2169 aut
505 2098 661 2200 quietem
675 2097 841 2189 turbent,
860 2097 1080 2198 autpienam

144 2193 309 2266 bonitatis
332 2196 552 2268 clementiam
581 2195 816 2294 experiantur.

148 2347 156 2386 5
189 2293 295 2362 Hanc
324 2299 406 2363 verb
434 2320 474 2364 ar
580 2293 793 2385 ntationem,
831 2319 912 2394 quse
945 2293 1082 2395 Enthy-

144 2389 263 2462 mema
280 2387 443 2482 ¹dicitur,
474 2320 578 2462 fibifb
599 2408 671 2483 est,
705 2389 759 2462 uti
781 2390 854 2489 jam
882 2391 1081 2463 monuimus
1201 2459 1202 2464 ,

143 2487 189 2557 ad
197 2483 386 2587 perfectam
398 2489 711 2560 Ratiocinationem
726 2513 910 2578 revocare,
930 2488 957 2560 si
975 2489 1080 2559 nimi-

143 2589 221 2656 rum
235 2586 302 2657 'vel
325 2585 393 2656 Pro
418 2579 541 2677 ositio,
558 2587 614 2660 rel
632 2586 843 2676 'Assumtio,
866 2611 946 2684 quse
967 2585 1081 2656 subti-

139 2700 241 2753 cetur
265 2685 304 2754 in
331 2613 628 2784 Eufrymemate,
657 2684 874 2755 restituatur.
904 2709 938 2754 v.
995 2687 1082 2754 .Ex

141 2778 205 2850 illo
229 2779 502 2878 Enthymemate
523 2782 618 2882 quod
644 2782 892 2870 tractavimus3
927 2711 1078 2872 scificet,
1104 2805 1106 2812 ’

142 2873 267 2946 inutile
297 2893 351 2945 est
374 2877 522 2961 ulterius
546 2879 760 2950 Christianos
808 2878 947 2976 ersequi
960 2905 971 2968 3
999 2906 1081 2976 ergo

143 2969 192 3044 ab
212 3000 335 3043 eorum
354 2975 451 3046 caede
463 2974 747 3066 abstinendum,
776 2907 907 3047 ficeres
930 2975 1083 3046 Ratioci-

143 3071 348 3160 nationem,
374 3072 403 3140 si
426 3073 699 3171 Propositionem
729 3073 979 3160 substitueres,
1001 3076 1102 3179 quae

143 3167 367 3261 subauditur.
394 3168 488 3239 Nem
514 3174 554 3263 ῥ’,
573 3171 812 3242 desistendum
830 3185 884 3239 est
904 3171 924 3236 a
943 3167 1099 3238 consilio.

142 3265 286 3362 inutili3
312 3265 373 3336 sed
403 3197 527 3356 inuufe
554 3285 615 3338 est.
641 3265 805 3366 persequi
839 3264 1079 3357 Christianos,

142 3385 245 3467 ergo,
269 3370 336 3434 etc.
362 3374 369 3386 '
799 3367 802 3374 ’
1066 3435 1070 3440 ,

134 3526 138 3534 .
200 3459 247 3535 Et·
281 3459 371 3536 illud
398 3462 531 3559 pariter
564 3459 801 3560 Enthymema
836 3460 932 3561 quod
966 3459 1081 3560 primo

143 3555 218 3628 looo
240 3575 493 3656 pertractatum
522 3576 575 3629 est
588 3588 599 3649 3
631 3560 822 3651 nimirum,
854 3558 973 3631 debes·
1011 3585 1080 3629 rae-

144 3678 268 3725 cavere
282 3649 308 3745 ,⁶
321 3667 366 3726 n'e
384 3657 475 3757 ¹quis
497 3665 695 3757 susceptum
724 3661 743 3728 ἐι
767 3673 802 3730 te
826 3657 927 3729 civile
947 3588 1081 3728 beilum

143 3779 215 3826 non
232 3752 335 3857 Reip.
349 3757 498 3860 gratie,
525 3757 587 3831 sed
612 3755 659 3828 ad
679 3755 905 3830 vindicandas
927 3753 1083 3854 privatas
