2756 4414
290 185 865 297 ⁸aurasicen-nous.
968 191 1068 320 ⁸489

381 362 776 466 lAnaxsunnn

304 537 431 622 'Filius
452 545 624 622 Herodis
639 565 733 621 natu
748 549 895 648 Major.
989 541 1011 575 ⁶

181 705 302 802 Quam
311 704 467 792 luctuoso
476 701 989 778 inforumatorumLiberorum
999 698 1072 776 fato
1176 787 1182 794 ,

131 796 210 876 fieri
226 804 366 893 dicam.
390 803 557 902 Auguste,
573 802 714 894 Caesar,
737 817 779 874 ut
794 805 874 874 cum
891 801 936 873 de
952 803 1073 874 nostra

131 915 225 972 sorte
241 900 413 998 possimus
427 901 528 999 queri
544 900 656 972 muto
672 926 703 972 ce
729 899 807 982 ttius
816 951 827 989 ,
853 901 962 999 quam
978 901 1073 999 petii

131 997 354 1094 expostulare
380 997 425 1068 de
446 1001 510 1068 sua
526 998 630 1070 liceat
639 1025 651 1089 3
671 927 772 1069 milis
789 996 962 1068 tamenin
978 1023 1072 1097 prae·

132 1093 225 1166 senti
247 1118 366 1166 rerum
385 1110 584 1168 nostrarum
610 1095 809 1178 discrimine
831 1093 977 1193 positis,
1006 1121 1073 1166 nec

131 1188 323 1290 loquendi,
344 1217 407 1262 nec
428 1191 555 1264 silendi
574 1190 688 1264 libera
700 1189 846 1264 facultas
864 1191 987 1262 relicta
1010 1189 1069 1264 sit.

133 1287 348 1382 Enimvero,
380 1287 411 1358 si
436 1289 615 1381 iacemus,
640 1289 749 1360 illatae
771 1287 996 1361 accusationis
1020 1289 1073 1360 rei

133 1381 366 1476 videbimur,
390 1383 489 1496 digni
514 1413 559 1458 ue
580 1385 758 1486 suppliciis
776 1385 962 1477 omnibus,
993 1409 1074 1484 quae

131 1479 290 1592 perfidiae
302 1508 342 1552 ac
351 1413 530 1595 parricisfi
539 1483 671 1572 crimen
682 1485 813 1556 meruit
822 1511 834 1574 ;
854 1483 884 1554 si
895 1482 1074 1581 loquimur

133 1593 172 1649 et
188 1595 395 1650 innocentiae
411 1595 538 1670 nostra
553 1579 679 1652 conscii
705 1581 860 1652 inustam
881 1579 1000 1652 labem
1016 1579 1073 1650 di-

134 1671 288 1768 luimus,
313 1673 352 1746 id
372 1671 486 1748 facere
502 1703 572 1748 non
588 1703 798 1778 possumus,
849 1677 912 1750 uin
933 1693 1075 1774 turpem

134 1789 199 1843 aut
212 1771 489 1866 malevolentiae,
512 1791 576 1848 aut
590 1775 710 1847 nimiae
722 1773 804 1847 cred
842 1773 936 1846 itatis
954 1789 1075 1846 notam

134 1871 229 1971 patri
247 1897 474 1942 accersamus.
499 1872 611 1971 Igitur
628 1872 716 1972 quid
735 1871 864 1984 agam?
887 1870 976 1971 quid
991 1897 1074 1941 con-

133 1963 205 2038 silii
226 1967 388 2067 capiam?
414 1963 572 2038 Infelices
598 1995 686 2060 nos,
719 1967 850 2066 quibus
873 1968 1076 2050 innocentes

7 2101 12 2110 ·
136 2087 212 2136 esse
228 2091 297 2136 non
312 2062 443 2166 prosit!
457 2063 689 2157 infeliciores,
704 2063 835 2178 quibus
853 2091 1005 2164 purgare
1018 2064 1075 2136 in-

136 2155 273 2231 {lictum
290 2162 403 2232 scelus
422 2186 493 2232 non
516 2161 644 2256 detur,
671 2162 739 2236 nisi
767 2161 920 2235 sceleris'
932 2161 1076 2234 alterius

133 2255 302 2360 probrum
321 2257 554 2330 incurramus.

186 2351 439 2454 Tamenjubes
452 2383 514 2426 nos
533 2355 653 2454 loqui,
667 2353 805 2445 Caesar,
824 2379 931 2426 necae
957 2353 1077 2424 uitatis
1100 2409 1103 2414 .

136 2467 241 2554 putas
254 2469 347 2544 tuae,
364 2479 441 2524 reos
457 2451 590 2525 indicta
607 2453 712 2544 causa
727 2451 909 2524 damnare.
966 2450 1078 2521 tinam

136 2575 299 2650 perorare
319 2550 416 2648 apud
436 2566 472 2620 te
492 2548 541 2620 sic
567 2549 696 2648 possim
710 2595 725 2641 ‚1
746 2565 813 2640 ut,
844 2575 958 2648 quaec
1032 2573 1091 2626 ue

135 2674 199 2746 pro
216 2649 334 2718 nostra
355 2643 555 2720 defensione
572 2646 728 2718 dicttuus
745 2673 847 2735 sum,
871 2672 914 2716 ea
927 2574 1078 2722 alicnis-

2 2773 15 2799 ι
136 2741 289 2842 pliceant
351 2745 417 2834 t1i,
441 2770 506 2816 nec
533 2741 643 2816 ullam
672 2741 826 2816 criminis
846 2740 1078 2841 suspicionem

137 2837 237 2912 nobis
254 2772 490 2913 aulgrescere
507 2839 701 2940 patiantur.

64 3010 67 3019 ,
186 2935 270 3010 Non
282 2963 402 3010 sumus
414 2963 503 3029 nos,
522 2939 685 3035 Auguste
704 2935 842 3026 Caesar,
860 2937 935 3006 tam
951 2959 1079 3036 parum

136 3061 310 3108 memores
324 3052 480 3133 paternae
498 3032 672 3125 caritatis,
693 3049 759 3124 ut,
779 3057 859 3130 quae
872 3060 1080 3104 commemo-

132 3131 230 3204 ravit
245 3157 371 3230 parens
388 3131 541 3230 optimus
556 3129 681 3204 collata
696 3131 735 3202 in
750 3145 873 3208 utrum
898 3156 944 3202 ue
968 3130 1078 3202 bene-

3 3297 4 3306 .
137 3225 243 3322 licia,
267 3255 310 3300 ea
325 3227 382 3300 vel
399 3226 572 3320 inficiari,
596 3227 654 3300 vel
675 3228 814 3318 elevare
832 3255 895 3300 ver
919 3225 949 3298 is
968 3227 1081 3298 medi·

5 3399 10 3417 ,
45 3317 52 3330 ’
100 3415 104 3423 ,
136 3342 267 3400 temur.
288 3325 317 3396 F
320 3341 458 3398 atemur
478 3325 571 3396 ultro
588 3324 678 3396 nihil
694 3324 870 3423 parcitum
887 3320 993 3396 fuisse
1035 3323 1079 3397 iae

137 3423 248 3522 ipsius
265 3423 304 3494 in
323 3421 443 3499 ambos
461 3421 706 3513 sollicitudini,
734 3421 856 3522 dignos
877 3439 919 3494 ut
937 3449 974 3494 sc
990 3351 1080 3494 lilios

138 3516 362 3614 institueret,
380 3538 416 3594 et
428 3537 502 3594 tam
514 3519 683 3592 studiosos
695 3517 846 3594 haberet
857 3519 1080 3592 famulatores

139 3615 280 3690 uirtutis
302 3645 398 3711 suae,
425 3621 534 3720 quam
557 3615 723 3716 cupidum
748 3616 816 3717 ipsi
840 3635 877 3690 et
900 3632 1080 3692 amantem

140 3711 268 3789 sobolis
288 3733 424 3815 patrem
436 3714 698 3818 persensissent.
718 3715 796 3818 lino
812 3713 897 3820 vicit
913 3731 1079 3816 expecta·
