2682 4412
289 205 813 276 ztan-angrarruus.
888 181 891 204 '
985 194 1034 291 ‘49

85 311 190 383 ninus
208 309 459 410 acerbamque
488 307 667 395 hodierum
699 310 772 384 diei
800 309 1032 386 memorium!

85 413 104 478 ὃ
124 404 265 479 facinus
290 408 390 480 nullo
407 407 617 508 posteritatis
642 408 743 500 odio,
768 407 866 480 nulld
889 437 1033 484 execra-

85 505 177 576 t'one
200 505 288 576 satis
307 503 580 578 detestandum!
647 582 650 591 ,

92 661 97 670 .
128 599 274 676 Tamen
291 626 337 673 ne
350 603 614 674 doleastantdm
624 655 635 694 ‚
653 605 677 676 J
679 603 803 675 uvenis
819 599 1004 677 fortissime
1018 635 1029 700 ς
1076 637 1172 688 oram

82 725 143 770 neo
197 701 363 774 recisum
385 699 451 770 tibi
476 699 521 770 ab
545 699 693 770 immani
718 685 892 798 parricidi
915 703 1031 784 brevis

82 728 289 898 fingilsque
324 799 407 870 vitae
429 797 643 870 curriculum
661 797 817 870 acerbius
840 799 1028 874 desideres.

82 894 164 964 Non
191 896 347 966 extinxit
376 895 473 968 Nero
524 893 653 968 erfidus
682 898 754 966 und
779 923 862 968 cum
890 924 1032 998 corpore

84 992 320 1090 gratissimam
350 1015 470 1064 rerum
493 925 523 1065 d
546 1009 581 1066 te
633 1009 787 1067 estarum
817 995 1030 1069 recordatio·

83 1117 191 1181 nem3
215 1107 278 1181 et,
311 1091 398 1162 dum
420 1091 601 1164 saevissimi
609 1020 842 1189 imperatoris
863 1089 1031 1164 immani-

83 1202 192 1258 tatem
206 1187 320 1258 omnis
337 1204 422 1260 aetas
439 1188 682 1280 execrabimr,
700 1187 798 1262 nulla
808 1189 852 1260 de
866 1189 935 1262 tuis
948 1191 1028 1262 lau·

84 1283 186 1355 dibus
207 1312 371 1385 unquam
388 1287 603 1358 conticesset.

130 1381 223 1453 Ten’
240 1390 344 1476 vert»,
363 1383 567 1455 mortalium
586 1383 745 1456 omnium
765 1383 1026 1480 crudelissime,
1070 1415 1223 1477 mmm„

85 1477 289 1551 sustinuisse
303 1480 476 1554 irretortis
495 1480 602 1554 oculis
629 1479 866 1552 tristissimam
882 1481 935 1552 tui
953 1509 1027 1556 soe·
1041 1488 1131 1532 mm·

84 1575 164 1649 loris
185 1577 399 1678 imaginem?
416 1577 597 1676 inspexisti
620 1577 695 1648 sine
712 1575 854 1689 hprrore
873 1580 1027 1680 quodam

86 1701 127 1744 ac
139 1673 280 1746 fremitu
300 1675 478 1776 squalidos
496 1702 536 1746 ac
555 1674 703 1746 liventes
718 1674 859 1766 vultus,
891 1677 1026 1750 extinc-

87 1785 137 1842 tos
160 1767 292 1874 flagitio
315 1789 375 1844 tuo
400 1769 517 1844 fratris
544 1769 657 1844 oculos
669 1823 680 1864 ‚
707 1771 906 1844 revolutum
932 1770 1027 1846 inter

82 1895 219 1942 mensas
239 1871 466 1944 incruentum
479 1871 651 1962 cadaver,
680 1865 836 1942 flebilem
852 1879 897 1942 'et
925 1899 1026 1944 ama·

80 1991 156 2038 ram
179 1969 340 2040 omnium
363 1966 714 2068 complorationeml·

125 2067 179 2136 At
203 2065 481 2164 perhorruerunt
503 2066 549 2136 ad
571 2078 646 2136 tam
667 2059 822 2137 immane
843 2083 1024 2166 spectacu·
1070 2099 1165 2150 sum.

80 2161 153 2233 lum
181 2161 408 2236 detestabiles
424 2163 478 2235 tui
499 2161 623 2236 furoris
642 2161 838 2234 administri
849 2193 861 2255 3
891 2164 958 2263 ipsl
975 2161 1025 2236 fe·
1081 2231 1085 2240 .

79 2259 159 2332 ralis
180 2261 274 2334 aulae
294 2263 445 2363 parietes
463 2261 531 2334 visi
559 2278 642 2332 sunt
667 2261 962 2354 contremiscere,
988 2280 1025 2334 et

78 2359 121 2428 ad
147 2387 282 2431 novum
334 2359 487 2432 arricidii
531 2386 616 2434 enus
636 2359 858 2442 commoveri.

128 2389 332 2529 Crudelisl
358 2459 421 2530 sed
450 2386 538 2556 quid
566 2483 630 2556 ego
657 2473 692 2526 te
720 2455 896 2526 crudelem
916 2451 1021 2549 dico,
1068 2498 1150 2551 nom

78 2555 178 2665 quasi
199 2582 269 2628 vox
294 2555 339 2627 sit
365 2555 510 2655 aliqua,
544 2580 625 2666 quae
649 2551 827 2653 parricidii
849 2551 903 2623 tui
932 2569 1022 2625 atro.

77 2668 219 2724 citatem
242 2653 453 2728 adumbrare
472 2651 604 2751 possiti
624 2645 789 2752 fingenda
817 2667 900 2721 sunt
930 2679 1021 2725 nova

77 2749 274 2842 vocabula,
304 2779 385 2852 quae
414 2749 567 2824 criminis
595 2749 743 2823 novitati
771 2748 1017 2847 respondeant.

77 2845 159 2920 Non
173 2847 249 2944 jam
268 2849 418 2922 crudelis
441 2847 560 2940 Nero,
581 2849 644 2920 sed
656 2841 843 2920 crudelitas
853 2847 928 2946 ipsa
941 2843 1019 2918 Ne-

77 2947 170 3015 ronis
197 2947 340 3018 nomine
368 2943 574 3037 vocabitur,
603 2961 644 3016 ut
672 2963 733 3018 tuo
765 2945 927 3042 deinceps
952 2973 1017 3018 no-

78 3043 171 3154 mipe
187 3061 410 3144 nuncupata,
434 3039 605 3144 majorem
627 3043 752 3115 animis
775 3059 946 3114 terrorem
961 3043 1019 3108 in-

76 3155 192 3212 cutrat.

121 3240 219 3310 Sedu
245 3267 265 3310 e
271 3269 283 3331 3
299 3241 553 3340 qudlacossitus
565 3234 714 3338 injurid,
730 3239 801 3349 qud
813 3251 1016 3334 provocatus
1030 3263 1216 3327 cognominum„

75 3265 317 3429 conturndid,
369 3366 412 3410 uo
441 3337 635 3414 Britannici
664 3331 797 3434 flagitio
816 3333 1016 3409 stimulatus

75 3434 118 3504 ad
140 3365 436 3508 committendum
456 3433 528 3509 tale
553 3431 781 3536 parricidium
804 3447 840 3504 te
861 3447 907 3510 te,
925 3459 1016 3504 com·

74 3532 229 3629 parasti?
253 3537 336 3604 crim
364 3535 556 3606 barbarum
577 3531 664 3602 illud
687 3528 869 3603 consilium
892 3556 1012 3601 conce·

73 3627 178 3726 pisti,
208 3659 255 3702 an
274 3657 352 3702 eras
371 3631 467 3732 apud
485 3649 518 3702 te
541 3629 644 3704 satis'l
667 3653 711 3700 an
735 3625 851 3702 fuerm
878 3626 1016 3701 sceleris
1126 3633 1129 3641 '

71 3728 282 3825 gnaritatem
296 3729 506 3804 meditatus!
522 3757 566 3803 an
579 3727 602 3804 J
604 3727 725 3802 uvenis
740 3723 1014 3834 innocentissimi

172 3827 282 3898 Tom.
304 3831 340 3900 I.
778 3823 813 3894 D
