2766 4412
289 199 362 300 344
551 229 959 283 narrantem

97 347 182 401 snum
201 328 458 428 rems-abjiciat?
494 328 573 442 quis
598 329 644 402 ab
672 329 715 400 ed
740 327 971 402 deficiendum
999 355 1068 402 non
1089 329 1224 430 putet?

97 416 367 545 ffiffim'quis
397 427 527 526 ingrati
554 427 663 498 animi
685 427 770 499 vitio
793 426 891 499 illam
912 425 1149 526 nonarguatl
1177 429 1225 498 Et

97 525 166 594 ue)
223 498 244 528 ι’
287 541 408 596 tamen
432 539 588 596 auctores
605 523 735 597 erimus
753 524 869 596 eidem
882 524 987 624 Reip.
1001 577 1011 618 ‚
1025 542 1066 618 ut
1079 523 1224 596 Metello
1258 564 1262 574 ·
1304 571 1312 591 .

286 619 504 692 Pontificiam
537 621 744 723 dignitatem
770 621 819 693 eri
845 622 927 692 iatl
953 649 1022 694 non
1047 621 1225 694 videbitur
1341 651 1346 664 ·

287 717 350 790 illa
382 718 481 792 vobis
521 719 685 820 ingrata,
713 649 856 792 dumis

286 813 377 888 bene
403 816 519 888 meriti
546 815 683 888 labores
708 816 976 916 aspernabitur,
1001 833 1038 888 et
1058 816 1225 887 amissum

858 719 982 792 ominis
1014 719 1058 790 de
1087 745 1124 790 se
1150 735 1224 803 tam
1326 731 1336 780 ἱ

284 911 395 1016 ipsius
418 914 524 986 causa
545 913 632 984 lucis
655 912 763 1014 hujus
787 911 1143 988 beneficiurmaeterno
1159 939 1231 1012 op-·
1275 993 1284 1020 .·
1360 917 1364 925 '

285 1009 426 1108 probriu
450 1009 667 1082 cumulabit?
918 1087 920 1092 ,

86 1136 215 1194 mosam
225 1144 273 1191 [ᾗ
333 1107 507 1180 Revocate
524 1109 679 1200 animis,
701 1107 867 1202 ludices,
888 1109 1075 1209 gloriosum
1095 1105 1226 1179 Caecilii
1312 1105 1317 1113 ’

2 1243 3 1246 “
112 1211 250 1290 ⁸¹⁴'f‘¹⁸'⁰”¹'³·
285 1203 423 1276 Metelli
453 1222 490 1277 et
519 1205 666 1328 dignum
699 1206 847 1305 perenni
876 1207 1043 1278 memo‘rid
1074 1203 1222 1276 facinus.
1336 1227 1348 1254 ⁸

92 1278 273 1402 „fflfssssj
285 1300 470 1401 Cogitate,
503 1331 611 1415 quam
639 1305 837 1402 proximum
862 1305 973 1374 ruinae
987 1309 1074 1373 'suae
1102 1301 1226 1373 discri-

94 1406 133 1468 tu³
153 1413 245 1473 ‘orech
284 1427 368 1471 men
392 1393 610 1474 haeccivitas
631 1399 1226 1500 adiissethuantishodie,quot·
1320 1423 1326 1432 ·

94 1475 272 1594 ζῗᾝζζξζ
286 1513 372 1598 quot
399 1500 519 1570 sumus
553 1525 700 1590 omnes,
726 1499 764 1568 in
789 1498 958 1598 angustiis
982 1523 1224 1587 versaremur,

93 1611 154 1649 '⁸¹'-
283 1595 352 1668 nisi
368 1593 435 1667 viri
458 1596 580 1695 optimi
596 1595 809 1694 prudentia,
829 1595 1099 1696 magnanimitas
1119 1609 1226 1692 atque
1297 1657 1314 1691 ‚¹

255 1767 268 1775 Δ
283 1692 477 1763 constantia
501 1694 725 1792 praevenisset
747 1691 906 1782 malum,
927 1710 963 1765 et
982 1691 1232 1764 imminentem·
1306 1686 1313 1712 ²

282 1789 349 1860 toti
372 1787 521 1886 imperio
545 1789 734 1886 procellam
751 1789 943 1861 avertisset.
968 1787 1071 1860 Nihil
1092 1785 1148 1856 hic
1169 1783 1224 1855 di-

282 1912 385 1976 cam,
400 1887 423 1958 J
424 1885 542 1956 udices
555 1937 566 1976 ,
593 1885 688 1987 quod
707 1885 814 1955 oculis
828 1885 896 1986 ipsi
911 1885 1035 1958 restris
1055 1909 1226 1995 usurpare

182 2066 184 2070 ¹
282 1983 355 2055 riou
377 1983 584 2082 potueritis3
608 1981 696 2054 nihil
716 2009 902 2082 exagerare
921 1979 1226 2081 magnificentrds,

282 2077 374 2152 nihil
414 2079 460 2149 ad
492 2079 650 2150 'bominis
681 2075 861 2152 fortissimi
888 2077 1228 2152 commendationem

282 2165 471 2276 jactan'tids
485 2176 704 2274 praedicabo„
716 2174 878 2248 Ardebat
894 2172 1059 2246 fatalibus
1076 2171 1229 2247 flammis

282 2273 330 2344 ab
359 2275 454 2343 omni
476 2289 576 2372 pa1te
593 2275 712 2346 Vestae
733 2274 926 2373 templurn3
947 2271 1022 2385 jam
1040 2299 1080 2343 su
1105 2298 1227 2345 crave-

283 2385 366 2442 rant
382 2371 480 2472 ignes
502 2397 680 2442 sacrarum
696 2371 826 2442 aedium
841 2366 1005 2470 fastig1a3
1028 2301 1126 2440 nulla
1149 2393 1227 2468 spes

283 2454 524 2567 restinguendi
547 2467 701 2540 incendii
714 2463 934 2566 effulgebat:
960 2493 1111 2566 praesens
1130 2465 1226 2562 peri·

285 2565 436 2653 culum,
465 2593 536 2634 nou
562 2565 736 2636 evitandae
767 2563 887 2634 mortis
916 2579 1055 2654 metus,
1076 2563 1089 2630 i
1116 2587 1154 2630 sa
1176 2578 1229 2632 te·

283 2655 426 2731 merarii
452 2659 584 2730 consilii
612 2659 783 2743 inutilitas
816 2658 861 2730 ab
886 2590 1114 2732 admovendi
1131 2659 1228 2756 operi

283 2783 393 2853 manu
415 2772 555 2827 cunctos
581 2753 794 2828 deterrebat.
814 2755 959 2827 Interim
985 2752 1228 2854 deflagrabant

282 2855 296 2950 i
322 2880 359 2926 sa
388 2853 628 2948 sacratissimae
658 2852 757 2926 Sedis
824 2853 996 2942 netralia,
1022 2851 1085 2924 ubi
1109 2852 1226 2924 Palla·

283 2881 384 3022 dium
411 2951 656 3023 asservabatur
678 2981 686 3022 ι
710 2951 774 3022 Pal
789 2950 910 3022 adium
928 2949 1018 3020 illud
1046 2950 1143 3044 dico,
1163 2951 1226 3022 Ju-

268 3047 403 3140 dices,
423 3033 629 3121 Praesidium
648 3047 755 3147 hujus
779 3046 901 3140 urbis,
918 3047 1024 3147 Reip.
1039 3047 1223 3138 columen,

282 3147 390 3218 totius
407 3145 546 3244 imperii
563 3146 667 3218 decus
690 3163 726 3217 et
748 3162 994 3216 ornamentum
1010 3174 1019 3214 ε
1035 3145 1133 3243 cujus
1148 3143 1226 3215 Nu-

283 3270 366 3315 men
384 3241 697 3316 fortunatissimum
714 3259 849 3316 tantam
864 3243 997 3341 Populo
1018 3245 1121 3314 Rom.
1148 3239 1223 3338 glo-

282 3339 374 3412 riam
394 3368 437 3438 pe
463 3341 555 3432 erit5
583 3368 653 3441 quo
671 3357 858 3439 peretmte,
882 3335 1103 3414 interituram
1119 3337 1223 3411 simul

283 3437 406 3512 Romae
434 3369 611 3510 brunam
630 3433 781 3510 Oraculsi
801 3438 901 3508 toties
922 3437 1156 3509 declararunt.
1182 3435 1224 3505 In

286 3535 463 3606 communi
485 3537 589 3606 totius
609 3524 757 3606 divitatis
783 3553 835 3606 tre
860 3534 1011 3605 idatione
1029 3531 1161 3632 pariter
1182 3561 1222 3604 ac

285 3627 384 3709 luctu
399 3662 411 3726 3
425 3633 517 3712 inter
528 3632 677 3736 gemitus
699 3649 736 3705 et
747 3563 1051 3738 complorationem
1067 3631 1197 3708 civium
1205 3680 1220 3724 ,
1268 3659 1274 3672 ’
