2756 4414
5 225 9 434 p
349 259 525 306 trusa
578 255 883 306 sacunnns.
1017 235 1089 326 443

83 411 90 422 .
151 354 237 426 dum
265 352 426 426 Heroum
446 353 642 444 memoria,
667 354 752 426 dam
778 354 916 466 Religio
933 347 1092 430 Deorum

147 450 281 552 vigebit
297 453 503 524 transmissa
521 450 566 522 ad
589 467 745 552 posteros
765 469 990 552 semprterna.
1011 456 1089 530 Hae
1195 453 1198 456 ’

148 549 318 621 nimirum
340 577 355 621 s
426 548 629 622 dulcissima
642 549 906 622 'immortalitati
917 550 1089 638 Demara-

149 661 206 718 tus
234 575 442 740 laborabit3
465 646 531 718 bae
555 643 697 720 fovebat
716 647 860 720 aridum
878 641 994 720 laudis
1013 650 1089 721 ani·

149 770 267 831 snum,
293 742 514 847 fovendaque
530 743 623 818 inter
645 743 878 818 laborandum
894 745 1088 820 recreabat.

150 841 230 912 sed.
246 839 342 914 beu!
377 870 454 943 spes
483 842 558 916 haec
592 843 703 914 omnis
726 842 927 933 intercidit,
946 859 983 914 et
1011 869 1091 945 quae

149 935 318 1010 beneficio
343 968 515 1014 manuum
542 968 623 1014 cum
650 941 746 1012 omni
773 941 977 1040 posteritate
1002 967 1091 1014 coae-

150 1037 294 1136 quanda
324 1055 400 1116 erat
430 1036 549 1131 fama,
589 1065 761 1112 manuum
796 1037 981 1111 amissione
1019 1038 1093 1138 jam

106 1214 111 1224 Ι
149 1133 289 1232 sepulta
316 1131 473 1210 evanuit.

200 1231 270 1303 Sed
287 1234 375 1332 quid
398 1233 473 1306 haec
494 1234 632 1306 morari
658 1233 810 1306 Utinam
828 1233 953 1306 saltem
973 1233 1094 1306 relicta

53 1365 59 1380 s
149 1325 241 1400 foret
266 1331 397 1429 optimo
418 1328 677 1433 fortissimoque
700 1333 770 1409 civi
784 1331 909 1404 utilem
936 1330 984 1402 ali
1009 1357 1093 1403 uam
1178 1389 1181 1416 ,

151 1427 269 1526 egenti
294 1453 334 1498 ac
350 1427 532 1500 laboranti
555 1429 680 1542 patriae
702 1425 850 1502 facultas
880 1455 997 1500 navan
1023 1429 1030 1444 '
1055 1428 1094 1500 in

150 1521 244 1596 bello
266 1527 664 1628 operam3utqu1snis
688 1541 742 1598 est
770 1523 908 1629 sibique
934 1542 1093 1598 mortuus

150 1619 269 1721 gloriae
286 1625 379 1694 certe
400 1622 555 1696 viveret!
583 1623 654 1697 Sed
674 1624 778 1696 adem
804 1633 840 1696 ta
861 1623 971 1724 gloria
993 1649 1094 1722 pror-

150 1723 209 1789 sds
234 1719 346 1791 omnis
372 1735 450 1812 est,
474 1735 511 1794 et
536 1719 594 1794 hic
614 1717 744 1794 infelici
765 1651 960 1794 domante
985 1736 1095 1792 restat

150 1815 249 1887 dolor
263 1817 527 1910 acerbissimus,
551 1819 648 1920 qubd
672 1819 795 1918 patriae
840 1819 948 1892 ariter
968 1845 1008 1890 ao
1027 1817 1095 1910 sibi

150 1911 337 1985 interierit.
363 1915 553 2006 Sensistis,
576 1917 718 1990 Judices
730 1970 742 2008 ,
766 1943 875 2018 quam
902 1916 1037 2018 peritus
1055 1915 1094 1986 in

151 2027 228 2082 arte
241 2011 419 2084 Statuaria
435 2013 651 2086 Demaratus
667 2011 805 2105 fuerit3
827 2030 865 2085 at
884 2041 955 2086 non
977 2012 1096 2086 minas
1215 2015 1219 2024 '

149 2107 189 2180 in
217 2106 363 2182 militari
386 2108 547 2208 probarit
576 2137 613 2184 se
636 2125 845 2201 strenuum,
870 2138 945 2184 nee¹
958 2111 997 2182 in
1021 2107 1097 2182 offi-

152 2204 232 2278 cina
259 2201 395 2277 felicius
429 2207 611 2280 moderata
647 2236 773 2282 manus
805 2208 884 2308 ejus
920 2207 1097 2307 scalprum

152 2319 231 2392 est,
264 2305 374 2402 quam
406 2302 446 2374 in
473 2303 547 2376 acie
589 2301 726 2375 fortiter
761 2303 895 2376 sermm
926 2305 1094 2375 vibravit.

151 2399 299 2498 Experti
321 2415 404 2474 sunt
425 2395 593 2472 Thebani
612 2399 706 2472 malo
728 2427 814 2491 su0,
840 2415 1013 2472 noverunt
1037 2427 1096 2471 sa·

151 2495 228 2569 lute
255 2500 321 2569 sud
349 2497 608 2589 Athenienses,
639 2500 748 2598 qudm
781 2495 915 2570 bonum
951 2497 989 2569 in
1016 2497 1096 2568 De-

153 2610 289 2666 marato
312 2595 460 2670 militem
486 2594 712 2668 haberemus.
740 2595 866 2668 Teates
896 2593 1032 2667 exuviae
1052 2595 1097 2668 de

153 2691 336 2766 Thebanis
365 2709 501 2793 raptae,
533 2719 650 2792 quas,
677 2692 824 2766 totidem
847 2691 1000 2764 illustria
1022 2692 1097 2762 rir-

153 2791 240 2860 tutis
258 2815 329 2860 suae
342 2807 589 2883 monumenta,
604 2790 700 2862 dorni
716 2815 900 2888 suspensas
919 2807 1094 2861 asservata
1151 2853 1158 2872 ,

155 2903 262 2956 testes
278 2885 408 2958 laureae
424 2939 435 2978 ,
462 2888 592 2988 quibus
608 2892 631 2960 a
648 2885 747 2962 vobis
763 2887 802 2956 in
818 2885 1005 2986 praemium
1024 2884 1097 2957 for·

156 2983 318 3054 titudinis
333 2983 514 3056 decoratus
536 3001 611 3077 est,
632 3001 740 3056 testes
752 2983 845 3056 cives
859 2981 950 3056 bene
966 2981 1096 3074 multi,

183 3080 221 3152 ui
244 3080 300 3152 vel
337 3083 359 3152 d
387 3081 576 3173 servitute,
607 3081 664 3156 rel
698 3085 881 3172 dmorte,
909 3082 1098 3152 ‘Demarati

138 3104 361 3252 'dsrtitudine
384 3178 550 3252 vindicati
567 3197 662 3254 sunt.
680 3180 751 3252 Sed
768 3205 845 3252 ecce
869 3177 942 3276 jam
962 3175 1097 3250 bellurn
1141 3253 1146 3263 ,

158 3275 270 3348 acrids
293 3276 473 3348 recruduit
491 3307 500 3348 ε
524 3295 650 3368 tuum,
676 3279 705 3347 si
729 3280 889 3377 unquam
910 3273 1022 3365 alitis,
1044 3301 1099 3346 ro-

157 3375 226 3448 bur
243 3375 545 3476 depromendum,
569 3375 763 3446 Demarate
788 3403 798 3442 r
823 3373 1032 3474 progredere
1052 3373 1098 3444 ad

158 3471 320 3566 bellum,
345 3476 408 3546 tut
429 3499 522 3546 nunc
540 3475 646 3571 opert
668 3471 788 3565 Patria
809 3471 965 3570 indiget3
991 3470 1100 3544 instat

161 3568 293 3662 hostias
316 3570 470 3642 stantia
517 3569 670 3643 rooinctu
703 3569 851 3660 milites3
873 3586 908 3640 te
932 3567 1020 3639 tuba
1046 3569 1099 3640 in·
1210 3587 1213 3592 '

160 3667 272 3758 vitat,
297 3669 461 3742 insonant
481 3598 646 3759 classica3
671 3685 707 3740 te
727 3669 868 3758 Duces,
890 3683 926 3738 te
953 3665 1097 3738 commi-

159 3763 284 3840 litones
309 3783 484 3868 repensat.
509 3764 544 3859 I,
571 3793 673 3839 curre
686 3819 698 3859 ,
726 3766 831 3857 vola,
859 3765 954 3837 ades
964 3763 1098 3840 labanti
