2756 4414
351 219 526 267 rrrrn
574 215 876 295 secururs.
955 197 958 204 ’
1013 200 1086 298 457

150 317 312 416 respicit,
338 336 381 390 ut
407 318 552 418 singulis
582 315 727 388 minime
748 318 854 416 possit
871 319 1083 420 contingere.

151 415 309 489 Instituit
322 433 423 516 pater
436 416 607 490 bonorum
621 415 778 486 omnium
792 413 960 488 heredem
974 445 1086 490 unum

151 513 309 612 aliquem
337 518 358 585 ὲ
390 513 534 606 liberis,
567 515 630 615 qui
656 512 829 584 amantior
858 513 968 612 patris
985 514 1088 585 ¹inter

150 637 298 702 amnes,
326 613 387 711 qui
411 613 521 684 vitam
542 611 702 709 ejusdem
724 609 994 711 libertatemque
1015 637 1089 682 ma·

149 707 224 808 jore
251 709 379 780 damno
403 710 621 783 redemisset.

202 806 385 878 Certamm
413 825 467 896 est
500 807 546 878 ab
577 834 788 908 unoquoque
822 806 995 892 viriliter,
1017 831 1090 877 non

150 915 230 972 tam.
251 901 457 977 hereditatis
481 883 658 1004 potiundis
679 905 819 1006 gratie,
835 907 944 1006 quam
967 919 1009 976 ut
1029 931 1089 974 ar·

151 999 395 1074 dentissirnum
402 1058 417 1116 ,³
434 1032 503 1106 quo
522 999 719 1104 flagrabant
732 1029 851 1074 omnes
871 1002 909 1072 in
928 1017 1087 1102 patrem,

148 1099 296 1262 perenni
318 1118 533 1174 mommento
557 1125 713 1198 amorem
736 1103 827 1173 consi
878 1117 991 1172 arent.
1007 1102 1090 1192 Quo

175 1199 294 1266 emdm
318 1197 441 1269 exitui
463 1197 561 1269 Fecit
582 1198 810 1270 disertissima
829 1126 1064 1270 &issanorum
1073 1251 1089 1282 ,

149 1291 215 1390 qui
239 1319 302 1391 pro
327 1294 525 1367 Clientibus
549 1295 700 1367 invicem
730 1297 916 1386 dixerunt,
937 1297 1087 1387 Oratio,

148 1413 195 1458 ne
226 1391 391 1490 cuiquam
419 1393 528 1464 lateat
556 1422 565 1463 ε
595 1409 632 1464 et
656 1393 817 1495 plerique
845 1397 1001 1465 vestrilni
1020 1409 1090 1464 tes·

149 1501 204 1556 tes
231 1489 370 1560 eximite
391 1487 628 1582 fortitudinis,
652 1517 761 1592 quam
787 1487 1091 1592 singuli'fratrum

150 1583 314 1677 edidere,
340 1587 421 1660 suis
447 1589 515 1758 ipsi
551 1589 659 1660 oculis
693 1605 920 1690 usurparunt.
944 1591 996 1660 At
1020 1613 1091 1689 quo

147 1681 310 1754 omnium
322 1685 445 1785 dispen
473 1685 530 1759 *oi
551 1703 683 1789 quanto
706 1689 851 1790 singulis
866 1687 964 1759 stetit
975 1703 1092 1786 pater·
1140 1759 1145 1768 ,

108 1803 113 1812 ’
149 1803 199 1850 na
227 1779 319 1852 salus
345 1810 390 1853 ac·
416 1783 560 1857 libertas
586 1786 633 1856 ab
655 1784 818 1858 hostisun.
831 1785 949 1857 furore
971 1785 1090 1858 vindi-

149 1876 256 1947 cata?
279 1879 347 1950 Hic
369 1883 532 1980 praecisas
555 1911 679 1955 manus
704 1883 793 1958 vidit
811 1883 984 1984 impiger,
1005 1882 1113 1953 dum·

148 1971 374 2049 brachiorum
395 2007 440 2080 op
485 1979 556 2051 situ
577 1981 683 2080 capiti
733 1998 854 2053 aterno
873 1979 1018 2053 fatalem
1037 1981 1091 2051 ic-

150 2085 229 2168 tum
259 2075 397 2148 avertit.
467 2077 501 2150 le
528 2093 655 2178 captis
685 2009 732 2150 ai
757 2078 944 2166 hostibus,
968 2075 1093 2151 avulsd

152 2168 343 2242 crudeliter
357 2174 479 2273 lingua
490 2175 658 2277 loquendi
671 2175 836 2252 facultate
848 2178 1009 2288 privatus
1022 2191 1088 2247 est.

150 2265 256 2340 Alter
278 2266 410 2341 effossis
429 2271 750 2343 immisericorditer
767 2275 876 2344 oculis
897 2273 984 2344 lucis
1001 2299 1089 2342 usu-

105 2459 107 2466 ,
151 2389 229 2466 ram
264 2366 406 2440 erdidit.
420 2367 580 2439 Ultimus
589 2368 708 2439 recisis
717 2395 782 2466 per
797 2395 976 2440 summum
994 2365 1093 2463 nefas

151 2393 298 2536 auriiirs
323 2465 531 2537 excordatus
552 2482 618 2538 est.
631 2467 757 2536 Parem
771 2465 935 2538 omnibus
950 2465 1093 2538 crudele

151 2561 279 2633 urlnus
301 2561 475 2657 jacturam
507 2564 641 2634 intulit.
656 2565 872 2644 Demaratus
892 2563 1092 2636 Statuarius

151 2657 297 2758 insignis
314 2677 350 2731 et
363 2678 527 2734 strenuus
544 2662 583 2732 in
594 2660 688 2732 bello
709 2661 826 2752 miles,
841 2661 972 2732 excisas
985 2657 1093 2730 luisse

153 2781 236 2922 opes
272 2783 352 2827 suas
392 2785 560 2859 spemque
595 2757 762 2858 parandae
800 2757 921 2868 gloriae
951 2784 1093 2828 omnem

152 2879 175 2924 a
200 2851 309 2924 latam
322 2857 531 2952 expostulat.
549 2859 665 2957 Luget
676 2857 748 2927 elin
811 2852 1093 2956 sLogodaedalus

151 2947 472 3023 interclusum'sibi
493 2955 551 3026 ad*
566 2953 709 3025 laudem
734 2977 755 3020 a
780 2949 891 3043 itum3
911 2967 968 3043 et,
983 2977 1093 3052 quam

152 3046 273 3120 labore
303 3049 415 3120 multo
441 3050 509 3123 sibi
535 3046 665 3122 fecerat
696 3049 847 3120 disertus
875 3065 991 3119 orator
1016 3048 1092 3120 elo·

154 3146 312 3244 quentiae
343 3143 475 3219 lamam
487 3201 499 3240 ,
530 3151 703 3250 perpetue
733 3147 861 3218 silendi
886 3146 1093 3218 necessitate

56 3323 59 3337 ¹
151 3267 377 3318 evanescere.
395 3247 522 3318 Zeuxis
531 3245 644 3346 pictor
656 3245 837 3347 egregius,
852 3243 994 3315 orbatus
1009 3269 1093 3315 ocu-

122 3421 124 3426 ,
152 3343 196 3413 lis
222 3343 468 3416 miserabiliter
487 3373 558 3415 non
584 3343 694 3416 habet
716 3342 878 3442 deinceps
898 3340 992 3413 unde
1014 3367 1092 3412 sus-

153 3457 267 3530 tentet
288 3443 399 3515 vitam
409 3494 420 3532 ,
438 3459 500 3514 eut
526 3458 669 3543 partum
682 3439 857 3540 pingendo
876 3439 982 3511 decus
1000 3441 1095 3509 tueri

153 3540 273 3648 possit.
297 3539 457 3640 Elpidius
477 3565 615 3640 magnae
632 3539 880 3640 expectationis
896 3537 1095 3608 adolescens

153 3661 193 3706 ru
209 3636 283 3735 ipso
297 3639 409 3710 aetatis
424 3638 511 3712 llor'e
524 3637 730 3712 exsurdatus
744 3685 756 3728 ‚
771 3636 809 3706 in
822 3639 960 3708 summe
975 3661 1093 3706 rerum

154 3733 313 3814 omnium
327 3736 465 3814 inscitie
481 3737 625 3840 longum
639 3735 723 3811 vitae
739 3735 895 3835 spatium
905 3731 1002 3842 ¹nulli
1015 3731 1092 3804 ido-
