2756 4414
309 174 383 268 ’434
574 194 1007 246 aaaroarca.

309 296 465 384 ditores,
496 291 586 364 nihil
618 309 801 462 expectate
829 293 993 392 deinceps
1024 294 1255 404 quidquam

307 407 438 491 praeter
455 406 631 460 austeram
684 390 814 462 onsulis
836 391 1082 484 severitatem,
1107 391 1256 466 feralem

309 514 503 588 paremque
516 487 648 559 meritis
661 488 860 588 rigidissimi
874 489 897 562 J
898 489 1008 560 udicis
1024 491 1232 560 sententiam
1240 541 1253 580 ,

307 602 346 698 et
366 601 576 696 mentm,
609 583 769 658 siluerit
793 611 905 684 opus,
944 586 1083 658 tortoris
1111 586 1255 660 barbari

307 698 579 754 rmmanrtatem.

356 779 452 851 Nam
468 780 561 880 quid
576 797 740 878 praestem
761 779 880 873 aliud,
899 779 1020 854 Patres
1037 781 1251 880 conscripti,
1319 801 1330 806 '

248 871 252 880 “
310 905 422 977 quam
445 904 566 988 gerere
590 905 648 948 me
671 905 880 978 personam,
910 881 967 952 vel
1019 907 1080 951 uos
1106 881 1253 952 induere

307 1003 431 1047 sensus
449 1003 523 1072 Jam
540 975 659 1061 decet,
685 976 747 1076 qui
765 993 881 1050 vestro
905 908 1073 1048 benaicio
1091 977 1253 1069 tuenda,

307 1073 534 1146 moderandae
555 1073 872 1174 conservandaque
890 1073 974 1146 huic
1001 1075 1097 1146 Urbi
1115 1073 1254 1173 praepo·

305 1172 417 1262 situs,
439 1169 576 1243 amoliri
594 1171 651 1242 lon
677 1171 730 1244 ‘irs
749 1171 844 1274 quod
861 1188 914 1242 est
925 1173 1091 1262 noxium,
1107 1170 1255 1270 propul-

306 1296 384 1342 sare
404 1267 554 1341 viriliter
578 1199 688 1370 quodl
697 1287 752 1342 est
777 1270 1033 1370 perniciosum,
1061 1270 1156 1370 quod
1176 1296 1256 1340 cor·

304 1383 453 1468 'ruptum
470 1381 525 1437 est
546 1367 744 1440 rescindere
765 1365 928 1468 penitus,
948 1395 1012 1466 pro
1029 1384 1164 1438 ratione
1181 1367 1253 1438 mei

306 1463 486 1562 muneris,
516 1491 617 1563 cogor
647 1493 687 1540 ao
712 1463 859 1536 teneorl
885 1468 946 1537 An
970 1465 1000 1536 si
1021 1481 1158 1536 natura)
1185 1493 1253 1538 vox

305 1561 464 1662 parentis
490 1561 649 1632 animum
667 1562 776 1634 etiam
793 1560 1005 1655 inflecteret,
1026 1561 1059 1633 si'
1078 1562 1255 1633 sordidato

306 1687 348 1730 ac
359 1659 515 1731 luctuoso
529 1659 588 1730 illo
599 1657 810 1732 Liberorum
827 1678 1014 1761 conspectu
1032 1657 1254 1731 adhuccom-

305 1783 489 1846 moverer,
505 1756 534 1826 si
545 1755 624 1855 plus
642 1758 738 1856 apud
748 1783 806 1828 me
825 1775 942 1856 posset
960 1757 1067 1856 patris
1084 1753 1253 1848 allectus,

304 1856 415 2023 gudm
442 1853 594 1953 dignitas
616 1853 798 1945 Consulis,
821 1855 851 1925 si
873 1854 1012 1927 viderer
1029 1851 1253 1946 mollescere,

330 1956 390 2022 iun
407 1951 521 2022 severi
536 1948 660 2048 judrcis
673 1969 791 2048 partes
816 1951 976 2051 exigitis,
994 1977 1062 2041 an,
1081 1949 1252 2050 inquam,

303 2047 396 2119 ferre
413 2075 473 2126 vos
490 2073 590 2145 posse
606 2045 644 2119 id
661 2047 806 2146 puteml
829 2073 876 2119 an
904 2074 974 2120 non
994 2048 1155 2146 insurgat
1178 2069 1251 2118 sta-

303 2145 368 2216 tim
385 2144 423 2216 in
443 2170 500 2214 me
518 2143 661 2234 Patria,
689 2161 725 2216 et
749 2144 900 2216 oblitum
921 2145 1050 2216 debitae
1079 2145 1117 2214 in
1138 2145 1251 2245 ipsam

301 2241 458 2314 caritatis
473 2241 635 2312 accusetl
660 2243 755 2333 imo,
780 2269 902 2313 vocem
924 2242 1019 2314 illius
1038 2242 1162 2332 audio,
1184 2243 1253 2316 Pa-

301 2355 375 2434 tres
398 2337 615 2437 Conscripti3
638 2366 719 2430 me,
739 2365 797 2411 me
820 2335 947 2412 inflicti
963 2367 1085 2412 recens
1096 2338 1251 2414 vulneris
1359 2341 1364 2349 ’

300 2438 489 2528 admonet,
508 2452 545 2507 et
564 2435 774 2508 adhortatur
792 2437 921 2528 tacita,
946 2437 1139 2526 utmederi
1156 2437 1250 2508 malo

302 2535 567 2636 quamprimum
583 2532 704 2606 velim.
729 2535 865 2608 audite
878 2535 1079 2634 vosmetipsi
1097 2535 1184 2632 quid
1197 2535 1249 2608 lo-

302 2649 435 2732 quatur
446 2685 461 2718 ,
486 2631 580 2730 quid
598 2632 814 2730 expostulet,
838 2631 924 2731 quid
947 2647 1122 2730 precetur.

353 2729 414 2801 Tu
424 2755 482 2800 me
498 2725 671 2800 refeceras'
678 2781 690 2819 ,
704 2729 840 2829 inquit,
857 2729 1103 2828 languentem,
1120 2729 1245 2822 Brute,

302 2843 344 2902 tu
369 2827 545 2926 jacentem
575 2853 761 2917 erexeras,
795 2853 1015 2898 recreaveras
1052 2821 1246 2920 afflictam,

303 2925 477 3022 captivam
506 2923 744 3013 liberaveras,
769 2940 804 2994 et
827 2904 991 2996 amissam
1012 2923 1087 3020 jam
1113 2925 1176 2996 did
1200 2925 1244 2996 li-

301 3022 478 3096 bertatem
494 3023 695 3094 redonaras.
710 3023 845 3094 Verum
861 3038 937 3093 orta
953 3038 1007 3093 est
1023 3037 1085 3094 tuo
1104 3023 1148 3094 de
1165 3050 1247 3100 san·

270 3153 275 3164 ¹
301 3121 408 3234 guine
431 3119 572 3222 gemina
588 3120 696 3218 pestis
713 3135 868 3190 nostram
895 3119 934 3192 in
951 3119 1142 3219 perniciem
1164 3149 1247 3202 con-

302 3235 421 3319 jurata
431 3271 441 3309 ,
462 3243 542 3320 quae
559 3217 712 3317 pristinis
728 3213 884 3316 affligere
903 3243 961 3288 me
981 3219 1084 3290 malis
1101 3218 1249 3293 medita·

301 3332 375 3389 tur.
403 3317 583 3390 Vixdum
609 3315 705 3428 apud
724 3341 782 3386 me
808 3341 905 3406 sum,
932 3317 1019 3388 adeo
1043 3316 1249 3428 repentinus

302 3441 403 3488 novae
427 3412 604 3486 servitutis
621 3429 727 3484 tunor
742 3412 909 3485 miseram
919 3410 1130 3512 perterruit!
1151 3411 1248 3484 Mihi

300 3537 348 3584 ne
367 3537 526 3584 securam
548 3537 624 3584 esse
643 3511 772 3602 liceat,
800 3511 887 3582 dum
900 3511 1016 3582 medio
1035 3509 1072 3582 in
1089 3509 1170 3580 sinu
1189 3505 1243 3580 fo-

182 3639 186 3646 ’
302 3609 392 3682 vebo
409 3607 628 3721 perduelles,
658 3607 744 3678 dum
773 3607 957 3720 spirabunt
980 3622 1136 3688 monstra
1164 3607 1243 3697 illa,

304 3707 390 3778 dum
407 3706 560 3780 multum
585 3703 969 3798 scelusfldommabiturl
989 3708 1067 3808 Age
1087 3733 1168 3806 ergo
1185 3722 1243 3800 tu,

1347 3799 1351 3938 l
