<?xml version="1.0" encoding="UTF-8"?>
<!DOCTYPE html PUBLIC "-//W3C//DTD XHTML 1.0 Transitional//EN"
    "http://www.w3.org/TR/xhtml1/DTD/xhtml1-transitional.dtd">
<html xmlns="http://www.w3.org/1999/xhtml" xml:lang="en" lang="en">
 <head>
  <title>
</title>
<meta http-equiv="Content-Type" content="text/html;charset=utf-8" />
  <meta name='ocr-system' content='tesseract 3.04.00' />
  <meta name='ocr-capabilities' content='ocr_page ocr_carea ocr_par ocr_line ocrx_word'/>
</head>
<body>
  <div class='ocr_page' id='page_1' title='image "./bibliothecarhet01jaygoog/bibliothecarhet01jaygoog_0166.png"; bbox 0 0 2710 4418; ppageno 0'>
   <div class='ocr_carea' id='block_1_1' title="bbox 317 161 994 235">
    <p class='ocr_par' dir='ltr' id='par_1_1' title="bbox 317 161 994 235">
     <span class='ocr_line' id='line_1_1' title="bbox 317 161 994 235; baseline 0.001 -1"><span class='ocrx_word' id='word_1_1' title='bbox 317 161 386 235; x_wconf 60' lang='lat' dir='ltr'><strong>affl</strong></span> <span class='ocrx_word' id='word_1_2' title='bbox 583 177 994 234; x_wconf 67' lang='lat' dir='ltr'><strong>nnnroarca</strong></span> 
     </span>
    </p>
   </div>
   <div class='ocr_carea' id='block_1_2' title="bbox 124 280 1263 1652">
    <p class='ocr_par' dir='ltr' id='par_1_2' title="bbox 124 280 1263 1652">
     <span class='ocr_line' id='line_1_2' title="bbox 311 280 1251 382; baseline 0 -26"><span class='ocrx_word' id='word_1_3' title='bbox 311 310 399 357; x_wconf 89' lang='lat' dir='ltr'><strong>nare</strong></span> <span class='ocrx_word' id='word_1_4' title='bbox 429 283 647 382; x_wconf 86' lang='lat' dir='ltr'><strong>praecipitem</strong></span> <span class='ocrx_word' id='word_1_5' title='bbox 670 280 883 374; x_wconf 69' lang='lat' dir='ltr'><strong>audaciam</strong></span> <span class='ocrx_word' id='word_1_6' title='bbox 908 298 1010 354; x_wconf 89' lang='lat' dir='ltr'><strong>tuum</strong></span> <span class='ocrx_word' id='word_1_7' title='bbox 1033 298 1087 356; x_wconf 88' lang='lat' dir='ltr'><strong>est</strong></span> <span class='ocrx_word' id='word_1_8' title='bbox 1106 281 1251 357; x_wconf 76' lang='lat' dir='ltr'><strong>sanctis-</strong></span> 
     </span>
     <span class='ocr_line' id='line_1_3' title="bbox 315 379 1249 480; baseline 0.002 -28"><span class='ocrx_word' id='word_1_9' title='bbox 315 384 485 452; x_wconf 88' lang='lat' dir='ltr'><strong>simarum</strong></span> <span class='ocrx_word' id='word_1_10' title='bbox 492 380 612 480; x_wconf 85' lang='lat' dir='ltr'><strong>legum</strong></span> <span class='ocrx_word' id='word_1_11' title='bbox 624 379 785 477; x_wconf 87' lang='lat' dir='ltr'><strong>praesidio</strong></span> <span class='ocrx_word' id='word_1_12' title='bbox 797 407 953 451; x_wconf 87' lang='lat' dir='ltr'><strong>coercere</strong></span> <span class='ocrx_word' id='word_1_13' title='bbox 969 379 1249 478; x_wconf 72' lang='lat' dir='ltr'><strong>improbitatem,</strong></span> 
     </span>
     <span class='ocr_line' id='line_1_4' title="bbox 316 472 1252 578; baseline 0.001 -27"><span class='ocrx_word' id='word_1_14' title='bbox 316 496 374 569; x_wconf 87' lang='lat' dir='ltr'><strong>ct,</strong></span> <span class='ocrx_word' id='word_1_15' title='bbox 395 505 505 578; x_wconf 90' lang='lat' dir='ltr'><strong>quam</strong></span> <span class='ocrx_word' id='word_1_16' title='bbox 527 475 618 548; x_wconf 85' lang='lat' dir='ltr'><strong>tanti</strong></span> <span class='ocrx_word' id='word_1_17' title='bbox 645 472 771 578; x_wconf 77' lang='lat' dir='ltr'><strong>flagitii</strong></span> <span class='ocrx_word' id='word_1_18' title='bbox 789 477 951 550; x_wconf 81' lang='lat' dir='ltr'><strong>atrocitas</strong></span> <span class='ocrx_word' id='word_1_19' title='bbox 978 478 1156 578; x_wconf 82' lang='lat' dir='ltr'><strong>postulat,</strong></span> <span class='ocrx_word' id='word_1_20' title='bbox 1173 480 1252 552; x_wconf 84' lang='lat' dir='ltr'><strong>vin-</strong></span> 
     </span>
     <span class='ocr_line' id='line_1_5' title="bbox 318 576 680 648; baseline -0.011 -1"><span class='ocrx_word' id='word_1_21' title='bbox 318 576 450 648; x_wconf 82' lang='lat' dir='ltr'><strong>dictam</strong></span> <span class='ocrx_word' id='word_1_22' title='bbox 467 601 640 647; x_wconf 85' lang='lat' dir='ltr'><strong>exercere.</strong></span> <span class='ocrx_word' id='word_1_23' title='bbox 677 625 680 643; x_wconf 75' lang='lat'>‚</span> 
     </span>
     <span class='ocr_line' id='line_1_6' title="bbox 124 669 1255 772; baseline -0.009 -20"><span class='ocrx_word' id='word_1_24' title='bbox 124 707 296 771; x_wconf 57' lang='lat' dir='ltr'><strong>zaphoim.</strong></span> <span class='ocrx_word' id='word_1_25' title='bbox 376 673 517 772; x_wconf 70' lang='lat' dir='ltr'><strong>Nempe</strong></span> <span class='ocrx_word' id='word_1_26' title='bbox 540 671 776 771; x_wconf 80' lang='lat' dir='ltr'>triumpharet</span> <span class='ocrx_word' id='word_1_27' title='bbox 803 669 973 756; x_wconf 65' lang='lat' dir='ltr'><strong>sicarius?</strong></span> <span class='ocrx_word' id='word_1_28' title='bbox 1003 671 1167 762; x_wconf 80' lang='lat' dir='ltr'><strong>volitaret</strong></span> <span class='ocrx_word' id='word_1_29' title='bbox 1187 674 1255 743; x_wconf 86' lang='lat' dir='ltr'><strong>im-</strong></span> 
     </span>
     <span class='ocr_line' id='line_1_7' title="bbox 160 767 1256 872; baseline -0.004 -29"><span class='ocrx_word' id='word_1_30' title='bbox 160 850 170 868; x_wconf 48' lang='lat'><strong>·</strong></span> <span class='ocrx_word' id='word_1_31' title='bbox 318 775 413 872; x_wconf 78' lang='lat' dir='ltr'><strong>pund</strong></span> <span class='ocrx_word' id='word_1_32' title='bbox 430 788 539 842; x_wconf 88' lang='lat' dir='ltr'><strong>totam</strong></span> <span class='ocrx_word' id='word_1_33' title='bbox 551 797 615 870; x_wconf 90' lang='lat' dir='ltr'><strong>per</strong></span> <span class='ocrx_word' id='word_1_34' title='bbox 631 769 781 840; x_wconf 67' lang='lat' dir='ltr'><strong>urbem?</strong></span> <span class='ocrx_word' id='word_1_35' title='bbox 800 787 983 870; x_wconf 84' lang='lat' dir='ltr'><strong>gemerent</strong></span> <span class='ocrx_word' id='word_1_36' title='bbox 1002 767 1134 841; x_wconf 75' lang='lat' dir='ltr'><strong>frustra</strong></span> <span class='ocrx_word' id='word_1_37' title='bbox 1149 770 1256 860; x_wconf 87' lang='lat' dir='ltr'><strong>boui,</strong></span> 
     </span>
     <span class='ocr_line' id='line_1_8' title="bbox 211 865 1256 971; baseline -0.003 -30"><span class='ocrx_word' id='word_1_38' title='bbox 211 939 214 950; x_wconf 86' lang='grc'><strong><em>,</em></strong></span> <span class='ocrx_word' id='word_1_39' title='bbox 320 887 383 952; x_wconf 81' lang='lat' dir='ltr'><strong>aut</strong></span> <span class='ocrx_word' id='word_1_40' title='bbox 396 867 563 940; x_wconf 85' lang='lat' dir='ltr'><strong>infamem</strong></span> <span class='ocrx_word' id='word_1_41' title='bbox 578 868 789 967; x_wconf 86' lang='lat' dir='ltr'><strong>parricidam</strong></span> <span class='ocrx_word' id='word_1_42' title='bbox 807 865 912 967; x_wconf 87' lang='lat' dir='ltr'><strong>plecti</strong></span> <span class='ocrx_word' id='word_1_43' title='bbox 928 868 1165 971; x_wconf 70' lang='lat' dir='ltr'><strong>nequicquam</strong></span> <span class='ocrx_word' id='word_1_44' title='bbox 1178 894 1256 967; x_wconf 87' lang='lat' dir='ltr'><strong>pos-</strong></span> 
     </span>
     <span class='ocr_line' id='line_1_9' title="bbox 320 964 1022 1060; baseline -0.003 -22"><span class='ocrx_word' id='word_1_45' title='bbox 320 967 506 1060; x_wconf 76' lang='lat' dir='ltr'><strong>tularent„</strong></span> <span class='ocrx_word' id='word_1_46' title='bbox 528 967 665 1038; x_wconf 88' lang='lat' dir='ltr'><strong>Caesare</strong></span> <span class='ocrx_word' id='word_1_47' title='bbox 686 982 774 1036; x_wconf 85' lang='lat' dir='ltr'><strong>teste</strong></span> <span class='ocrx_word' id='word_1_48' title='bbox 799 993 838 1036; x_wconf 89' lang='lat' dir='ltr'><strong>ac</strong></span> <span class='ocrx_word' id='word_1_49' title='bbox 853 964 1022 1038; x_wconf 70' lang='lat' dir='ltr'><strong>vindice?</strong></span> 
     </span>
     <span class='ocr_line' id='line_1_10' title="bbox 145 1062 1260 1164; baseline -0.004 -27"><span class='ocrx_word' id='word_1_50' title='bbox 145 1091 300 1150; x_wconf 61' lang='lat' dir='ltr'><strong>nnuman.</strong></span> <span class='ocrx_word' id='word_1_51' title='bbox 369 1067 402 1135; x_wconf 93' lang='grc' dir='ltr'>Ο</span> <span class='ocrx_word' id='word_1_52' title='bbox 423 1063 609 1134; x_wconf 77' lang='lat' dir='ltr'><strong>oloriosum</strong></span> <span class='ocrx_word' id='word_1_53' title='bbox 628 1080 687 1154; x_wconf 88' lang='lat' dir='ltr'><strong>te,</strong></span> <span class='ocrx_word' id='word_1_54' title='bbox 710 1063 829 1134; x_wconf 87' lang='lat' dir='ltr'><strong>Caesar</strong></span> <span class='ocrx_word' id='word_1_55' title='bbox 841 1115 852 1153; x_wconf 85' lang='lat'>‚</span> <span class='ocrx_word' id='word_1_56' title='bbox 879 1063 908 1133; x_wconf 86' lang='lat' dir='ltr'><strong>si</strong></span> <span class='ocrx_word' id='word_1_57' title='bbox 930 1063 1104 1164; x_wconf 87' lang='lat' dir='ltr'><strong>perempti</strong></span> <span class='ocrx_word' id='word_1_58' title='bbox 1122 1062 1260 1134; x_wconf 88' lang='lat' dir='ltr'><strong>Cicero·</strong></span> 
     </span>
     <span class='ocr_line' id='line_1_11' title="bbox 263 1123 1260 1250; baseline -0.004 -16"><span class='ocrx_word' id='word_1_59' title='bbox 263 1239 267 1249; x_wconf 64' lang='grc'><em>,</em></span> <span class='ocrx_word' id='word_1_60' title='bbox 319 1163 373 1234; x_wconf 86' lang='lat' dir='ltr'><strong>nis</strong></span> <span class='ocrx_word' id='word_1_61' title='bbox 392 1123 488 1232; x_wconf 73' lang='lat' dir='ltr'><strong>ullor</strong></span> <span class='ocrx_word' id='word_1_62' title='bbox 502 1161 659 1232; x_wconf 82' lang='lat' dir='ltr'><strong>extiteris</strong></span> <span class='ocrx_word' id='word_1_63' title='bbox 673 1161 682 1231; x_wconf 82' lang='lat' dir='ltr'><strong>l</strong></span> <span class='ocrx_word' id='word_1_64' title='bbox 704 1165 725 1232; x_wconf 83' lang='grc' dir='ltr'>ὸ</span> <span class='ocrx_word' id='word_1_65' title='bbox 741 1162 907 1250; x_wconf 78' lang='lat' dir='ltr'><strong>miseram</strong></span> <span class='ocrx_word' id='word_1_66' title='bbox 921 1177 1063 1232; x_wconf 83' lang='lat' dir='ltr'><strong>aetatem</strong></span> <span class='ocrx_word' id='word_1_67' title='bbox 1076 1161 1167 1232; x_wconf 76' lang='lat' dir='ltr'><strong>lianc</strong></span> <span class='ocrx_word' id='word_1_68' title='bbox 1181 1187 1260 1230; x_wconf 89' lang='lat' dir='ltr'><strong>nos·</strong></span> 
     </span>
     <span class='ocr_line' id='line_1_12' title="bbox 319 1257 1262 1357; baseline -0.004 -27"><span class='ocrx_word' id='word_1_69' title='bbox 319 1276 436 1350; x_wconf 81' lang='lat' dir='ltr'><strong>tram,</strong></span> <span class='ocrx_word' id='word_1_70' title='bbox 464 1260 493 1330; x_wconf 90' lang='lat' dir='ltr'><strong>si</strong></span> <span class='ocrx_word' id='word_1_71' title='bbox 517 1274 658 1330; x_wconf 88' lang='lat' dir='ltr'><strong>tantum</strong></span> <span class='ocrx_word' id='word_1_72' title='bbox 680 1259 791 1333; x_wconf 86' lang='lat' dir='ltr'><strong>scelus</strong></span> <span class='ocrx_word' id='word_1_73' title='bbox 816 1259 953 1332; x_wconf 84' lang='lat' dir='ltr'><strong>videret</strong></span> <span class='ocrx_word' id='word_1_74' title='bbox 972 1257 1216 1357; x_wconf 86' lang='lat' dir='ltr'><strong>impunitum!</strong></span> <span class='ocrx_word' id='word_1_75' title='bbox 1242 1261 1262 1325; x_wconf 84' lang='lat' dir='ltr'><strong>d</strong></span> 
     </span>
     <span class='ocr_line' id='line_1_13' title="bbox 316 1347 1263 1458; baseline 0 -32"><span class='ocrx_word' id='word_1_76' title='bbox 316 1357 486 1448; x_wconf 81' lang='lat' dir='ltr'><strong>miseros,</strong></span> <span class='ocrx_word' id='word_1_77' title='bbox 510 1373 597 1458; x_wconf 88' lang='lat' dir='ltr'><strong>quot</strong></span> <span class='ocrx_word' id='word_1_78' title='bbox 622 1374 684 1427; x_wconf 94' lang='lat' dir='ltr'><strong>uot</strong></span> <span class='ocrx_word' id='word_1_79' title='bbox 698 1373 800 1448; x_wconf 83' lang='lat' dir='ltr'><strong>sunt,</strong></span> <span class='ocrx_word' id='word_1_80' title='bbox 819 1357 910 1428; x_wconf 85' lang='lat' dir='ltr'><strong>cives</strong></span> <span class='ocrx_word' id='word_1_81' title='bbox 934 1357 1039 1428; x_wconf 84' lang='lat' dir='ltr'><strong>bonos</strong></span> <span class='ocrx_word' id='word_1_82' title='bbox 1051 1409 1062 1447; x_wconf 92' lang='lat'><strong><em>,</em></strong></span> <span class='ocrx_word' id='word_1_83' title='bbox 1090 1356 1159 1428; x_wconf 87' lang='lat' dir='ltr'><strong>nisi</strong></span> <span class='ocrx_word' id='word_1_84' title='bbox 1179 1347 1263 1454; x_wconf 84' lang='lat' dir='ltr'><strong>par-¹</strong></span> 
     </span>
     <span class='ocr_line' id='line_1_14' title="bbox 318 1385 1261 1555; baseline -0.002 -31"><span class='ocrx_word' id='word_1_85' title='bbox 318 1455 509 1537; x_wconf 66' lang='lat' dir='ltr'><strong>pisidarum</strong></span> <span class='ocrx_word' id='word_1_86' title='bbox 522 1385 692 1555; x_wconf 69' lang='lat' dir='ltr'><strong>supplicio</strong></span> <span class='ocrx_word' id='word_1_87' title='bbox 707 1471 842 1528; x_wconf 86' lang='lat' dir='ltr'><strong>certum</strong></span> <span class='ocrx_word' id='word_1_88' title='bbox 861 1451 928 1530; x_wconf 86' lang='lat' dir='ltr'><strong>sibi</strong></span> <span class='ocrx_word' id='word_1_89' title='bbox 942 1455 1110 1524; x_wconf 80' lang='lat' dir='ltr'><strong>adversus</strong></span> <span class='ocrx_word' id='word_1_90' title='bbox 1128 1455 1261 1553; x_wconf 89' lang='lat' dir='ltr'><strong>impro-</strong></span> 
     </span>
     <span class='ocr_line' id='line_1_15' title="bbox 281 1549 1090 1652; baseline 0 -30"><span class='ocrx_word' id='word_1_91' title='bbox 281 1581 283 1588; x_wconf 67' lang='grc'>’</span> <span class='ocrx_word' id='word_1_92' title='bbox 318 1551 466 1626; x_wconf 89' lang='lat' dir='ltr'><strong>bitatem</strong></span> <span class='ocrx_word' id='word_1_93' title='bbox 491 1552 724 1652; x_wconf 86' lang='lat' dir='ltr'><strong>patrocinium</strong></span> <span class='ocrx_word' id='word_1_94' title='bbox 741 1551 911 1652; x_wconf 82' lang='lat' dir='ltr'><strong>gratulari</strong></span> <span class='ocrx_word' id='word_1_95' title='bbox 927 1549 1090 1651; x_wconf 79' lang='lat' dir='ltr'><strong>possent!</strong></span> 
     </span>
    </p>
   </div>
   <div class='ocr_carea' id='block_1_3' title="bbox 554 1729 1015 1779">
    <p class='ocr_par' dir='ltr' id='par_1_3' title="bbox 554 1729 1015 1779">
     <span class='ocr_line' id='line_1_16' title="bbox 554 1729 1015 1779; baseline -0.009 0"><span class='ocrx_word' id='word_1_96' title='bbox 554 1729 896 1779; x_wconf 75' lang='lat' dir='ltr'><strong>’anrlcunus</strong></span> <span class='ocrx_word' id='word_1_97' title='bbox 946 1733 1015 1778; x_wconf 78' lang='lat'><strong>11.</strong></span> 
     </span>
    </p>
   </div>
   <div class='ocr_carea' id='block_1_4' title="bbox 582 1866 1002 1967">
    <p class='ocr_par' dir='ltr' id='par_1_4' title="bbox 582 1866 1002 1967">
     <span class='ocr_line' id='line_1_17' title="bbox 582 1866 1002 1967; baseline -0.002 -30"><span class='ocrx_word' id='word_1_98' title='bbox 582 1866 650 1938; x_wconf 84' lang='lat' dir='ltr'><strong>De</strong></span> <span class='ocrx_word' id='word_1_99' title='bbox 665 1891 734 1938; x_wconf 83' lang='lat' dir='ltr'><strong>usu</strong></span> <span class='ocrx_word' id='word_1_100' title='bbox 761 1868 1002 1967; x_wconf 71' lang='lat' dir='ltr'><strong>Figuratum.</strong></span> 
     </span>
    </p>
   </div>
   <div class='ocr_carea' id='block_1_5' title="bbox 210 2021 1278 3686">
    <p class='ocr_par' dir='ltr' id='par_1_5' title="bbox 210 2021 1278 3686">
     <span class='ocr_line' id='line_1_18' title="bbox 369 2021 1267 2124; baseline 0.002 -28"><span class='ocrx_word' id='word_1_101' title='bbox 369 2025 501 2096; x_wconf 77' lang='lat' dir='ltr'><strong>Primo.</strong></span> <span class='ocrx_word' id='word_1_102' title='bbox 519 2021 733 2124; x_wconf 78' lang='lat' dir='ltr'><strong>Figuratum</strong></span> <span class='ocrx_word' id='word_1_103' title='bbox 751 2052 835 2096; x_wconf 90' lang='lat' dir='ltr'><strong>usus</strong></span> <span class='ocrx_word' id='word_1_104' title='bbox 860 2025 967 2098; x_wconf 88' lang='lat' dir='ltr'><strong>debet</strong></span> <span class='ocrx_word' id='word_1_105' title='bbox 990 2051 1066 2096; x_wconf 84' lang='lat' dir='ltr'><strong>esse</strong></span> <span class='ocrx_word' id='word_1_106' title='bbox 1087 2051 1214 2122; x_wconf 87' lang='lat' dir='ltr'><strong>parcus</strong></span> <span class='ocrx_word' id='word_1_107' title='bbox 1232 2041 1267 2098; x_wconf 87' lang='lat' dir='ltr'><strong>et</strong></span> 
     </span>
     <span class='ocr_line' id='line_1_19' title="bbox 210 2118 1266 2222; baseline -0.002 -24"><span class='ocrx_word' id='word_1_108' title='bbox 210 2118 211 2122; x_wconf 23' lang='lat'>¹</span> <span class='ocrx_word' id='word_1_109' title='bbox 320 2124 543 2214; x_wconf 80' lang='lat' dir='ltr'><strong>moderatus,</strong></span> <span class='ocrx_word' id='word_1_110' title='bbox 559 2149 603 2194; x_wconf 91' lang='lat' dir='ltr'><strong>ne</strong></span> <span class='ocrx_word' id='word_1_111' title='bbox 621 2123 744 2194; x_wconf 88' lang='lat' dir='ltr'><strong>crebra</strong></span> <span class='ocrx_word' id='word_1_112' title='bbox 755 2120 960 2222; x_wconf 86' lang='lat' dir='ltr'><strong>hujusmodi</strong></span> <span class='ocrx_word' id='word_1_113' title='bbox 979 2139 1266 2196; x_wconf 86' lang='lat' dir='ltr'><strong>ornamentorum</strong></span> 
     </span>
     <span class='ocr_line' id='line_1_20' title="bbox 321 2220 1268 2318; baseline -0.002 -26"><span class='ocrx_word' id='word_1_114' title='bbox 321 2221 503 2318; x_wconf 83' lang='lat' dir='ltr'><strong>usurpatio</strong></span> <span class='ocrx_word' id='word_1_115' title='bbox 525 2221 672 2290; x_wconf 83' lang='lat' dir='ltr'><strong>taedium</strong></span> <span class='ocrx_word' id='word_1_116' title='bbox 711 2237 856 2312; x_wconf 83' lang='lat' dir='ltr'><strong>eneret,</strong></span> <span class='ocrx_word' id='word_1_117' title='bbox 879 2237 941 2291; x_wconf 91' lang='lat' dir='ltr'><strong>aut</strong></span> <span class='ocrx_word' id='word_1_118' title='bbox 953 2220 1194 2318; x_wconf 86' lang='lat' dir='ltr'><strong>puerilitatem</strong></span> <span class='ocrx_word' id='word_1_119' title='bbox 1211 2247 1268 2292; x_wconf 88' lang='lat' dir='ltr'><strong>re-</strong></span> 
     </span>
     <span class='ocr_line' id='line_1_21' title="bbox 323 2248 1268 2419; baseline 0 -29"><span class='ocrx_word' id='word_1_120' title='bbox 323 2319 453 2392; x_wconf 82' lang='lat' dir='ltr'><strong>doleat·</strong></span> <span class='ocrx_word' id='word_1_121' title='bbox 471 2248 776 2418; x_wconf 76' lang='lat' dir='ltr'><strong>Distinguendum</strong></span> <span class='ocrx_word' id='word_1_122' title='bbox 799 2333 920 2388; x_wconf 88' lang='lat' dir='ltr'><strong>tamen</strong></span> <span class='ocrx_word' id='word_1_123' title='bbox 937 2334 990 2390; x_wconf 91' lang='lat' dir='ltr'><strong>est</strong></span> <span class='ocrx_word' id='word_1_124' title='bbox 1009 2319 1144 2416; x_wconf 82' lang='lat' dir='ltr'><strong>duplex</strong></span> <span class='ocrx_word' id='word_1_125' title='bbox 1158 2320 1268 2419; x_wconf 77' lang='lat' dir='ltr'><strong>Figu-</strong></span> 
     </span>
     <span class='ocr_line' id='line_1_22' title="bbox 322 2415 1267 2516; baseline -0.004 -26"><span class='ocrx_word' id='word_1_126' title='bbox 322 2444 445 2508; x_wconf 81' lang='lat' dir='ltr'><strong>rarum</strong></span> <span class='ocrx_word' id='word_1_127' title='bbox 470 2441 579 2516; x_wconf 82' lang='lat' dir='ltr'><strong>genus</strong></span> <span class='ocrx_word' id='word_1_128' title='bbox 595 2443 607 2507; x_wconf 90' lang='lat'>;</span> <span class='ocrx_word' id='word_1_129' title='bbox 636 2415 792 2515; x_wconf 89' lang='lat' dir='ltr'><strong>primum</strong></span> <span class='ocrx_word' id='word_1_130' title='bbox 809 2442 1029 2516; x_wconf 85' lang='lat' dir='ltr'><strong>earumquae</strong></span> <span class='ocrx_word' id='word_1_131' title='bbox 1047 2431 1191 2488; x_wconf 87' lang='lat' dir='ltr'><strong>tantum</strong></span> <span class='ocrx_word' id='word_1_132' title='bbox 1212 2443 1267 2488; x_wconf 90' lang='lat' dir='ltr'><strong>or-</strong></span> 
     </span>
     <span class='ocr_line' id='line_1_23' title="bbox 324 2509 1269 2610; baseline 0.003 -27"><span class='ocrx_word' id='word_1_133' title='bbox 324 2533 449 2584; x_wconf 90' lang='lat' dir='ltr'><strong>natum</strong></span> <span class='ocrx_word' id='word_1_134' title='bbox 472 2541 545 2610; x_wconf 87' lang='lat' dir='ltr'><strong>prae</strong></span> <span class='ocrx_word' id='word_1_135' title='bbox 575 2541 612 2583; x_wconf 91' lang='lat' dir='ltr'><strong>se</strong></span> <span class='ocrx_word' id='word_1_136' title='bbox 638 2541 709 2584; x_wconf 87' lang='lat' dir='ltr'><strong>non</strong></span> <span class='ocrx_word' id='word_1_137' title='bbox 735 2509 880 2603; x_wconf 86' lang='lat' dir='ltr'><strong>ferunt,</strong></span> <span class='ocrx_word' id='word_1_138' title='bbox 908 2513 1028 2610; x_wconf 87' lang='lat' dir='ltr'><strong>quales</strong></span> <span class='ocrx_word' id='word_1_139' title='bbox 1048 2531 1134 2584; x_wconf 86' lang='lat' dir='ltr'><strong>sunt</strong></span> <span class='ocrx_word' id='word_1_140' title='bbox 1156 2515 1269 2586; x_wconf 81' lang='lat' dir='ltr'><strong>Inter-</strong></span> 
     </span>
     <span class='ocr_line' id='line_1_24' title="bbox 323 2607 1267 2708; baseline -0.001 -26"><span class='ocrx_word' id='word_1_141' title='bbox 323 2609 545 2708; x_wconf 84' lang='lat' dir='ltr'><strong>rogationcs,</strong></span> <span class='ocrx_word' id='word_1_142' title='bbox 576 2607 839 2706; x_wconf 83' lang='lat' dir='ltr'><strong>Apostrophae,</strong></span> <span class='ocrx_word' id='word_1_143' title='bbox 865 2609 1175 2703; x_wconf 82' lang='lat' dir='ltr'><strong>Dism&#39;butiones,</strong></span> <span class='ocrx_word' id='word_1_144' title='bbox 1201 2629 1267 2684; x_wconf 88' lang='lat' dir='ltr'><strong>etc.</strong></span> 
     </span>
     <span class='ocr_line' id='line_1_25' title="bbox 324 2705 1272 2805; baseline 0 -25"><span class='ocrx_word' id='word_1_145' title='bbox 324 2708 493 2780; x_wconf 87' lang='lat' dir='ltr'><strong>Alterum</strong></span> <span class='ocrx_word' id='word_1_146' title='bbox 510 2731 634 2776; x_wconf 86' lang='lat' dir='ltr'><strong>earum</strong></span> <span class='ocrx_word' id='word_1_147' title='bbox 648 2709 714 2798; x_wconf 79' lang='lat' dir='ltr'><strong>cst,</strong></span> <span class='ocrx_word' id='word_1_148' title='bbox 734 2733 823 2805; x_wconf 89' lang='lat' dir='ltr'><strong>quas</strong></span> <span class='ocrx_word' id='word_1_149' title='bbox 842 2705 1030 2778; x_wconf 75' lang='lat' dir='ltr'><strong>studiosius</strong></span> <span class='ocrx_word' id='word_1_150' title='bbox 1044 2709 1208 2782; x_wconf 87' lang='lat' dir='ltr'><strong>Oratoris</strong></span> <span class='ocrx_word' id='word_1_151' title='bbox 1219 2711 1272 2782; x_wconf 91' lang='lat' dir='ltr'><strong>in·</strong></span> 
     </span>
     <span class='ocr_line' id='line_1_26' title="bbox 324 2801 1270 2904; baseline 0.01 -32"><span class='ocrx_word' id='word_1_152' title='bbox 324 2803 461 2875; x_wconf 84' lang='lat' dir='ltr'><strong>dustria</strong></span> <span class='ocrx_word' id='word_1_153' title='bbox 473 2829 573 2900; x_wconf 88' lang='lat' dir='ltr'><strong>perse</strong></span> <span class='ocrx_word' id='word_1_154' title='bbox 600 2801 722 2894; x_wconf 71' lang='lat' dir='ltr'><strong>uitur„</strong></span> <span class='ocrx_word' id='word_1_155' title='bbox 742 2803 864 2903; x_wconf 88' lang='lat' dir='ltr'><strong>quales</strong></span> <span class='ocrx_word' id='word_1_156' title='bbox 880 2821 962 2876; x_wconf 86' lang='lat' dir='ltr'><strong>sunt</strong></span> <span class='ocrx_word' id='word_1_157' title='bbox 981 2805 1270 2904; x_wconf 85' lang='lat' dir='ltr'><strong>Complexiones,</strong></span> 
     </span>
     <span class='ocr_line' id='line_1_27' title="bbox 326 2829 1235 3011; baseline 0 -35"><span class='ocrx_word' id='word_1_158' title='bbox 326 2895 533 2988; x_wconf 77' lang='lat' dir='ltr'><strong>Antitheses</strong></span> <span class='ocrx_word' id='word_1_159' title='bbox 548 2953 559 2994; x_wconf 91' lang='lat'>‚</span> <span class='ocrx_word' id='word_1_160' title='bbox 575 2829 847 3002; x_wconf 73' lang='lat' dir='ltr'><strong>llypotiposcs,</strong></span> <span class='ocrx_word' id='word_1_161' title='bbox 874 2903 1116 3011; x_wconf 82' lang='lat' dir='ltr'><strong>Prosopopeiae</strong></span> <span class='ocrx_word' id='word_1_162' title='bbox 1132 2959 1143 2996; x_wconf 92' lang='lat'>,</span> <span class='ocrx_word' id='word_1_163' title='bbox 1167 2923 1235 2978; x_wconf 90' lang='lat' dir='ltr'><strong>etc.</strong></span> 
     </span>
     <span class='ocr_line' id='line_1_28' title="bbox 377 2999 1273 3101; baseline 0.003 -30"><span class='ocrx_word' id='word_1_164' title='bbox 377 3001 431 3071; x_wconf 88' lang='lat'><strong>2⁰.</strong></span> <span class='ocrx_word' id='word_1_165' title='bbox 460 2999 662 3070; x_wconf 87' lang='lat' dir='ltr'><strong>Primarum</strong></span> <span class='ocrx_word' id='word_1_166' title='bbox 684 2999 830 3099; x_wconf 89' lang='lat' dir='ltr'><strong>quidem</strong></span> <span class='ocrx_word' id='word_1_167' title='bbox 852 3027 936 3072; x_wconf 92' lang='lat' dir='ltr'><strong>usus</strong></span> <span class='ocrx_word' id='word_1_168' title='bbox 962 2999 1183 3101; x_wconf 66' lang='lat' dir='ltr'><strong>frequentior</strong></span> <span class='ocrx_word' id='word_1_169' title='bbox 1200 3029 1273 3074; x_wconf 82' lang='lat' dir='ltr'><strong>esse</strong></span> 
     </span>
     <span class='ocr_line' id='line_1_29' title="bbox 328 3091 1274 3197; baseline 0.003 -28"><span class='ocrx_word' id='word_1_170' title='bbox 328 3091 464 3197; x_wconf 86' lang='lat' dir='ltr'><strong>potest;</strong></span> <span class='ocrx_word' id='word_1_171' title='bbox 485 3095 574 3166; x_wconf 89' lang='lat' dir='ltr'><strong>nihil</strong></span> <span class='ocrx_word' id='word_1_172' title='bbox 591 3097 687 3168; x_wconf 90' lang='lat' dir='ltr'><strong>enim</strong></span> <span class='ocrx_word' id='word_1_173' title='bbox 713 3097 810 3196; x_wconf 92' lang='lat' dir='ltr'><strong>apud</strong></span> <span class='ocrx_word' id='word_1_174' title='bbox 828 3097 990 3180; x_wconf 85' lang='lat' dir='ltr'><strong>Tullium</strong></span> <span class='ocrx_word' id='word_1_175' title='bbox 1009 3097 1176 3173; x_wconf 84' lang='lat' dir='ltr'><strong>crebrum</strong></span> <span class='ocrx_word' id='word_1_176' title='bbox 1197 3128 1274 3172; x_wconf 90' lang='lat' dir='ltr'><strong>ma·</strong></span> 
     </span>
     <span class='ocr_line' id='line_1_30' title="bbox 329 3193 1273 3306; baseline 0.003 -41"><span class='ocrx_word' id='word_1_177' title='bbox 329 3197 405 3298; x_wconf 76' lang='lat' dir='ltr'><strong>gis,</strong></span> <span class='ocrx_word' id='word_1_178' title='bbox 430 3199 540 3306; x_wconf 75' lang='lat' dir='ltr'><strong>quam</strong></span> <span class='ocrx_word' id='word_1_179' title='bbox 559 3193 871 3296; x_wconf 79' lang='lat' dir='ltr'><strong>Interrogationes,</strong></span> <span class='ocrx_word' id='word_1_180' title='bbox 890 3197 1158 3295; x_wconf 84' lang='lat' dir='ltr'><strong>Repetitiones,</strong></span> <span class='ocrx_word' id='word_1_181' title='bbox 1187 3197 1273 3268; x_wconf 90' lang='lat' dir='ltr'><strong>Dis-</strong></span> 
     </span>
     <span class='ocr_line' id='line_1_31' title="bbox 330 3291 1278 3396; baseline 0.002 -32"><span class='ocrx_word' id='word_1_182' title='bbox 330 3291 567 3384; x_wconf 71' lang='lat' dir='ltr'><strong>tributiones,</strong></span> <span class='ocrx_word' id='word_1_183' title='bbox 594 3310 663 3366; x_wconf 85' lang='lat' dir='ltr'><strong>etc.</strong></span> <span class='ocrx_word' id='word_1_184' title='bbox 685 3319 765 3394; x_wconf 74' lang='lat' dir='ltr'><strong>quat</strong></span> <span class='ocrx_word' id='word_1_185' title='bbox 781 3293 952 3366; x_wconf 87' lang='lat' dir='ltr'><strong>latentem</strong></span> <span class='ocrx_word' id='word_1_186' title='bbox 976 3295 1086 3396; x_wconf 82' lang='lat' dir='ltr'><strong>magis</strong></span> <span class='ocrx_word' id='word_1_187' title='bbox 1110 3311 1278 3370; x_wconf 88' lang='lat' dir='ltr'><strong>ornatum</strong></span> 
     </span>
     <span class='ocr_line' id='line_1_32' title="bbox 330 3389 1277 3492; baseline -0.001 -28"><span class='ocrx_word' id='word_1_188' title='bbox 330 3389 478 3482; x_wconf 86' lang='lat' dir='ltr'><strong>habent.</strong></span> <span class='ocrx_word' id='word_1_189' title='bbox 509 3391 617 3482; x_wconf 84' lang='lat' dir='ltr'><strong>Quod</strong></span> <span class='ocrx_word' id='word_1_190' title='bbox 637 3398 720 3464; x_wconf 76' lang='lat' dir='ltr'><strong>vero</strong></span> <span class='ocrx_word' id='word_1_191' title='bbox 749 3409 881 3492; x_wconf 86' lang='lat' dir='ltr'><strong>spectat</strong></span> <span class='ocrx_word' id='word_1_192' title='bbox 903 3394 948 3464; x_wconf 88' lang='lat' dir='ltr'><strong>ad</strong></span> <span class='ocrx_word' id='word_1_193' title='bbox 969 3391 1112 3462; x_wconf 86' lang='lat' dir='ltr'><strong>secundi</strong></span> <span class='ocrx_word' id='word_1_194' title='bbox 1137 3391 1277 3490; x_wconf 84' lang='lat' dir='ltr'><strong>generis</strong></span> 
     </span>
     <span class='ocr_line' id='line_1_33' title="bbox 331 3484 1278 3590; baseline 0.003 -31"><span class='ocrx_word' id='word_1_195' title='bbox 331 3484 590 3590; x_wconf 15' lang='lat' dir='ltr'><strong>Figuras31illae</strong></span> <span class='ocrx_word' id='word_1_196' title='bbox 612 3487 782 3559; x_wconf 73' lang='lat' dir='ltr'><strong>nimirum</strong></span> <span class='ocrx_word' id='word_1_197' title='bbox 803 3506 885 3560; x_wconf 88' lang='lat' dir='ltr'><strong>sunt</strong></span> <span class='ocrx_word' id='word_1_198' title='bbox 895 3541 906 3581; x_wconf 88' lang='lat'>,</span> <span class='ocrx_word' id='word_1_199' title='bbox 930 3515 1080 3588; x_wconf 88' lang='lat' dir='ltr'><strong>quorum</strong></span> <span class='ocrx_word' id='word_1_200' title='bbox 1101 3515 1188 3561; x_wconf 83' lang='lat' dir='ltr'><strong>usus</strong></span> <span class='ocrx_word' id='word_1_201' title='bbox 1206 3487 1278 3562; x_wconf 70' lang='lat' dir='ltr'><strong>frte·</strong></span> 
     </span>
     <span class='ocr_line' id='line_1_34' title="bbox 332 3582 995 3686; baseline -0.003 -28"><span class='ocrx_word' id='word_1_202' title='bbox 332 3587 496 3686; x_wconf 76' lang='lat' dir='ltr'><strong>quentior</strong></span> <span class='ocrx_word' id='word_1_203' title='bbox 520 3609 643 3684; x_wconf 89' lang='lat' dir='ltr'><strong>parere</strong></span> <span class='ocrx_word' id='word_1_204' title='bbox 665 3582 846 3656; x_wconf 88' lang='lat' dir='ltr'><strong>fastidium</strong></span> <span class='ocrx_word' id='word_1_205' title='bbox 868 3603 995 3685; x_wconf 84' lang='lat' dir='ltr'><strong>posset.</strong></span> 
     </span>
    </p>
   </div>
   <div class='ocr_carea' id='block_1_6' title="bbox 376 3681 1279 3786">
    <p class='ocr_par' dir='ltr' id='par_1_6' title="bbox 376 3681 1279 3786">
     <span class='ocr_line' id='line_1_35' title="bbox 376 3681 1279 3786; baseline 0.006 -33"><span class='ocrx_word' id='word_1_206' title='bbox 376 3683 437 3756; x_wconf 69' lang='lat'><strong>3⁰.</strong></span> <span class='ocrx_word' id='word_1_207' title='bbox 452 3681 643 3782; x_wconf 70' lang='lat' dir='ltr'><strong>Nonnullae</strong></span> <span class='ocrx_word' id='word_1_208' title='bbox 660 3682 801 3782; x_wconf 75' lang='lat' dir='ltr'><strong>Figura&gt;</strong></span> <span class='ocrx_word' id='word_1_209' title='bbox 818 3701 900 3760; x_wconf 91' lang='lat' dir='ltr'><strong>sunt</strong></span> <span class='ocrx_word' id='word_1_210' title='bbox 917 3710 997 3783; x_wconf 83' lang='lat' dir='ltr'><strong>quae</strong></span> <span class='ocrx_word' id='word_1_211' title='bbox 1021 3683 1186 3768; x_wconf 83' lang='lat' dir='ltr'><strong>adhiberi</strong></span> <span class='ocrx_word' id='word_1_212' title='bbox 1202 3713 1279 3786; x_wconf 89' lang='lat' dir='ltr'><strong>pos·</strong></span> 
     </span>
    </p>
   </div>
   <div class='ocr_carea' id='block_1_7' title="bbox 0 0 1390 4418">
    <p class='ocr_par' dir='ltr' id='par_1_7' title="bbox 0 0 1390 4418">
     <span class='ocr_line' id='line_1_36' title="bbox 0 0 1390 4418; baseline 0 0"><span class='ocrx_word' id='word_1_213' title='bbox 0 0 1390 4418; x_wconf 95' lang='lat' dir='ltr'><strong> </strong></span> 
     </span>
    </p>
   </div>
  </div>
 </body>
</html>
