2756 4414
314 246 387 333 404
577 261 1005 314 nnaroaron·

311 390 376 551 3η
394 361 457 434 ubi
472 361 588 462 agitur
606 363 650 434 de
667 362 801 474 glorid,
821 361 957 434 silentio
972 357 1247 458 praetsrir'entur.

260 543 263 552 ,
351 485 458 551 uarc,
487 487 533 532 ne
562 485 634 560 qua
659 477 704 532 stt
727 457 928 532 bominibus
951 455 1050 528 bonis
1071 469 1256 554 exspostus

310 555 409 628 laudi
447 583 576 648 causa,
592 573 595 582 “
609 557 770 628 noverint
807 584 882 629 esse
922 583 959 628 se
1000 582 1042 625 eo
1066 551 1161 652 apud
1185 575 1250 622 nos

304 653 349 725 in
379 655 520 754 pretio,
546 680 617 753 quo
640 654 763 746 decet,
780 671 927 754 tamque
955 652 1125 727 verendos
1152 645 1248 747 apud

248 821 250 828 ,
310 777 455 841 omnes,
478 755 587 850 quam
608 753 775 824 amandos
794 751 920 824 videri.

359 850 416 920 De
432 848 596 920 Parisinis
607 874 680 918 una
691 849 823 922 moveri
839 849 1000 948 deinceps
1016 841 1248 918 controversia

309 947 440 1046 possit,
475 945 639 1036 tudices,
676 961 714 1016 et
739 963 846 1047 quem
879 947 973 1018 inter
1008 969 1154 1032 omnes,
1172 937 1251 1038 ·qui

335 1045 439 1115 rimas
458 1041 526 1114 sibi
545 1043 746 1135 vindicant,
765 1059 885 1114 tenere
909 1043 1062 1114 debeant
1077 1038 1248 1140 gradum,

309 1071 548 1216 diffluendum
564 1157 734 1241 superest.
754 1139 848 1211 Mihi
858 1146 960 1251 porrb
971 1138 1048 1210 visa
1058 1153 1128 1226 est,
1144 1134 1250 1205 credo

224 1270 227 1279 ·
307 1239 452 1310 itemst
473 1235 594 1329 vobis,
618 1238 763 1310 dicentis
786 1253 896 1310 oratio
917 1245 991 1348 pro'
1007 1234 1140 1306 tuendb
1158 1229 1250 1302 urbs

308 1335 604 1448 regnipripnarib,
616 1335 815 1407 verecunda
825 1334 864 1405 in
884 1333 1005 1433 pnmis
1018 1359 1057 1402 ac
1067 1330 1247 1418 modesta,

307 1460 372 1534 qur
386 1447 544 1504 nontam
561 1433 600 1503 in
620 1431 837 1506 celebrandis
856 1431 969 1532 gentis
981 1455 1056 1504 ,suae
1067 1425 1247 1514 moribus,

333 1535 417 1602 uam
435 1530 473 1602 in
490 1529 568 1628 ipsit
583 1529 761 1620 locorum,
779 1556 859 1631 quae
876 1543 1064 1600 nactusest
1073 1547 1247 1596 commen-

306 1557 448 1700 datione
472 1634 627 1710 moratus
652 1629 709 1701 sit.
734 1629 873 1699 Tamen
929 1625 982 1698 uis
999 1639 1105 1723 neget
1124 1618 1249 1692 Parisi-

305 1751 368 1795 nos
397 1721 529 1797 habere
563 1723 702 1818 multa,
734 1752 814 1825 quae
841 1725 929 1795 citra
956 1722 1165 1832 cujusquam
1190 1713 1249 1788 vel

304 1821 475 1894 invidiam
502 1821 559 1892 vel
583 1817 810 1893 offensionem
835 1820 1014 1892 laudanda
1046 1816 1246 1889 videantur.

305 1919 371 1990 Est
397 1917 535 2016 uspiam
576 1917 661 1990 urbs
692 1917 836 2019 aliqua,
862 1943 942 2016 quae
968 1917 1044 1986 tam'
1067 1929 1247 2003 moratos,

305 2031 379 2086 tam
417 2014 600 2105 candidos,
626 2032 700 2086 tam
730 2015 769 2086 in
803 2014 899 2084 omni
926 2013 1009 2085 vitae
1042 2010 1250 2083 commercio

305 2111 502 2184 commodos
520 2111 612 2184 cives
629 2129 666 2184 et
681 2112 893 2212 expetendos
910 2100 1002 2183 ferat
1019 2109 1029 2181 l
1045 2107 1246 2194 ubisuevi·
1318 2135 1322 2142 ·

304 2223 359 2281 tas
390 2207 517 2280 indolis
546 2209 752 2299 amabilior,
781 2207 949 2308 politioris
968 2207 1081 2279 cultsls
1105 2205 1246 2306 elegan-

286 2306 355 2378 .tia
364 2359 376 2398 ,
396 2303 551 2377 festivior
560 2305 694 2406 ingenii
706 2305 802 2406 viget
813 2303 1019 2378 amoenitast
1036 2306 1101 2376 Est
1117 2303 1248 2404 aliquis

303 2402 343 2476 in
397 2401 559 2473 rovinciis
595 2403 763 2475 educatus
787 2419 863 2474 tam
891 2400 1062 2493 feliciter,
1089 2402 1150 2502 qui
1178 2400 1246 2472 sibi

304 2499 357 2573 ad'
373 2431 606 2572 bumanitatis
631 2500 738 2600 ipsius
760 2497 1008 2601 perfectionem
1034 2500 1154 2570 deesse
1176 2499 1245 2569 ali-

303 2598 394 2699 quid
423 2621 493 2668 non
523 2613 646 2696 putet,
679 2599 837 2697 quandiu
860 2595 1033 2667 Parisinos
1061 2596 1155 2667 inter
1177 2621 1245 2666 ex·

305 2698 420 2768 cultus
438 2707 477 2764 ac
493 2693 702 2792 perpolitus,
721 2695 803 2765 inde
823 2693 995 2764 bonarum
1012 2691 1143 2764 artium
1159 2721 1245 2806 gus-

305 2811 385 2867 tum
406 2819 447 2864 ac
469 2817 628 2890 saporem
642 2817 714 2862 non
736 2791 958 2866 contraxerit.
982 2790 1054 2862 Sed
1077 2817 1245 2893 quomam

304 2892 373 2964 is'ta
399 2917 462 3004 pro
486 2889 565 2988 jure
594 2915 656 2959 suo
680 2887 894 2960 ambitiosius
921 2888 988 2960 sibi
1013 2915 1083 2960 non
1106 2903 1245 2990 arrogat

305 2988 485 3062 Parisinus
502 2987 648 3076 Orator,
672 2985 868 3059 haereamus
888 2987 982 3058 inter
1008 3013 1067 3058 eos
1089 2985 1242 3079 limites,

292 3157 295 3163 ,
332 3115 394 3160 uos
405 3085 480 3186 ipse
499 3081 565 3156 sibi
576 3084 795 3182 praescripsit.
806 3085 985 3181 Laudavit
996 3085 1243 3184 antiquitatem

305 3115 414 3258 lu'us
443 3179 565 3274 urbis,
600 3181 850 3280 maiestatem,
880 3197 1112 3294 apparatum,
1142 3210 1244 3282 mag·

305 3213 520 3354 nitlcentiam
531 3305 543 3370 3
557 3279 813 3352 commendavit
819 3278 1083 3352 multitudinem
1094 3278 1241 3372 civium,

306 3377 527 3452 nobilitatem
540 3417 559 3470 ,·
585 3375 638 3448 ele
663 3376 796 3447 antium
808 3429 821 3469 ,
862 3379 1073 3449 comitatem.
1103 3375 1244 3449 Extulit

306 3494 360 3551 tot
386 3474 539 3546 celebres
565 3403 799 3565 Academias,
824 3473 862 3544 in
887 3473 1015 3574 quibus
1037 3471 1243 3549 excoluntur

306 3573 473 3678 ingenia,
496 3571 728 3661 erudiuntur,
750 3568 977 3671 psrficiuhtur
987 3623 998 3662 ,
1017 3585 1069 3642 tot
1088 3567 1242 3644 officinas

309 3673 421 3744 omnis
458 3669 570 3742 cneris
588 3668 738 3761 artium,
756 3696 836 3769 quse
854 3685 1018 3740 neutram
1031 3667 1242 3740 aemulantur

309 3786 383 3844 tan
407 3697 568 3866 solerter,
591 3769 696 3866 poene
721 3766 812 3860 dixi,
834 3765 979 3842 vincunt
1000 3793 1040 3838 ac
1060 3781 1239 3866 superant,
