2736 4414
311 175 386 250 566
568 189 994 256 nnagronrcss

311 297 398 370 citer
416 290 498 366 huic
516 292 755 381 incommodo,
784 291 879 365 unde
895 319 967 368 non
984 292 1061 367 leve
1079 295 1257 370 danorum

309 385 525 493 Respublica
542 404 616 460 tota
632 388 833 488 accepisset.
854 389 975 465 Natus
988 409 1041 462 est
1056 391 1122 478 tibi
1136 391 1255 486 lilius,

308 491 374 592 qui
385 504 528 588 partim
542 487 647 558 decus
663 488 1018 585 tueatur.‘Heredem
1031 489 1162 582 habes,
1180 519 1256 563 non

308 587 416 660 avitae
423 587 527 664 modb
537 584 600 657 sed
615 601 652 656 et
667 597 822 684 paternae
837 584 951 656 laudis
963 582 1123 658 lutumm
1136 615 1254 662 aemu-

101 685 104 692 ’
220 750 223 762 ,
308 684 471 756 latorem.
489 683 690 754 Felicemte
704 699 780 754 tam
792 683 1027 756 beausobole
1043 703 1254 784 parentem,

308 779 501 856 feliciorem
531 779 671 871 lilium,
705 781 768 881 qui
799 797 946 880 parente
970 782 1035 852 t'ali
1069 783 1255 882 gaudeat!

309 879 441 980 Neque
459 878 554 950 enim
565 929 577 971 ,
602 874 716 948 filium
736 878 819 950 olim
833 880 920 950 dbm
936 878 1119 972 institues,
1146 899 1182 953 et
1203 881 1256 953 ad

310 1003 415 1050 omne
436 977 609 1048 virtutum
624 1003 743 1075 ¹genus
764 977 986 1076 grandiorem
1006 978 1254 1078 promovebis,

310 1075 350 1146 id
367 1075 432 1148 tibi
445 1073 574 1146 laboris
590 1072 791 1167 incumbet,
815 1091 856 1146 ut
876 1075 1060 1176 conquiras
1075 1105 1097 1173 ρ
1123 1075 1256 1148 orosius

310 1171 462 1250 illustria
478 1174 571 1244 reete
589 1167 762 1243 factorum
780 1173 957 1272 exempla,
982 1201 1061 1273 quae
1079 1105 1151 1246 filio
1168 1173 1254 1246 imi-

311 1272 421 1342 tanda
433 1296 604 1371 proponas
616 1297 627 1360 ;
651 1267 798 1342 habebit
815 1269 854 1344 in
875 1287 909 1342 te
928 1298 998 1342 uno
1010 1322 1022 1363 ,
1070 1273 1255 1344 uemr'esn

254 1375 260 1386 ’
311 1367 441 1467 plciat,
476 1385 512 1440 et
537 1367 632 1439 unde
658 1357 775 1441 stimet
799 1368 1001 1468 exemplum
1023 1299 1119 1461 sibi,
1148 1369 1188 1442 in
1216 1385 1256 1440 te

311 1473 398 1538 verb
418 1463 510 1538 filius
530 1466 617 1536 dum
636 1465 859 1560 intuebitur»,
880 1484 924 1540 'et
947 1466 1113 1565 praeclara
1145 1465 1258 1567 patris

312 1561 468 1636 lacinora
492 1563 661 1639 memorie
686 1581 846 1666 repetet,
871 1572 969 1641 tanto
993 1591 1030 1634 se
1052 1565 1167 1636 acribo
1188 1563 1255 1636 sti-

298 1662 444 1734 mulari
468 1662 595 1742 sentiet
621 1663 668 1734 ad
692 1664 861 1740 virtutem
871 1693 890 1755 1,
927 1667 1060 1762 quante
1085 1659 1260 1761 majorem

311 1759 360 1833 ed
384 1760 586 1836 excitandos
614 1760 754 1840 animos,
772 1787 872 1835 exero
898 1760 934 1830 la
957 1757 1261 1834 domesticatim

310 1853 469 1947 babent,
495 1859 605 1969 quam
627 1856 754 1930 aliena.
791 1785 897 1952 Quiri
915 1873 1098 1956 superest,
1120 1857 1187 1928 nisi
1213 1872 1262 1928 ut

310 1979 376 2054 pro
386 1952 740 2054 pueri'mcolumitate
754 1973 838 2028 vote
847 1951 1037 2026 faciamus.²
1050 1951 1156 2024 Vivat
1167 1951 1260 2036 illel

311 2067 445 2120 crescat
463 2052 502 2120 in
521 2051 795 2145 expectationem
813 2073 933 2118 rerum
953 2064 1136 2118 tantarum
1143 2047 1159 2119 ‘l
1183 2049 1260 2120 At·

309 2170 384 2244 que
405 2146 442 2214 id
464 2145 496 2221 si·
513 2143 640 2255 Superi
653 2142 988 2235 nobis'annuerint,
1013 2143 1104 2216 nibil
1125 2145 1231 2220 video
1241 2195 1259 2238 ,

313 2241 412 2340 quod
426 2240 484 2312 vel
496 2239 641 2331 ,amicis,
657 2241 717 2312 vel
733 2241 1057 2340 tibi'expetendum
1075 2242 1132 2314 sit.
1149 2243 1255 2316 Vale.

316 2429 1256 2488 mmmmmwmm

590 2574 627 2648 A
644 2577 687 2648 Μ
703 2577 720 2646 I
736 2575 765 2648 C
782 2575 824 2646 Ο·
859 2577 884 2646 S
900 2577 937 2647 U
955 2577 989 2648 0

321 2737 383 2812 Ob
399 2741 551 2812 missum
565 2763 696 2818 recens
713 2737 857 2818 editum
872 2736 929 2811 ab.
940 2753 992 2823 eo
1008 2732 1257 2844 Opuscuhmss‘

154 2951 304 3027 ,affl
316 2871 494 3008 Formam
517 2953 604 3004 rem¹
622 2925 878 3026 gratissimam,
901 2925 932 3000 si
941 2951 1058 3028 quam
1078 2927 1164 3002 alias
1182 2954 1254 3004 un-

128 3035 222 3098 ctam
316 3051 445 3126 quam,
478 3023 605 3096 Amice
615 3052 633 3115 3¹·
650 3025 715 3123 qui
736 3024 943 3124 opusculum
961 3027 997 3094 sa
1016 3035 1060 3096 'te
1083 3050 1197 3139 nuper
1215 3027 1255 3099 in

316 3121 734 3220 lucem'editumprotub
745 3120 1254 3214 humanitateadmemrser'is3

315 3249 381 3322 pro
403 3246 474 3318 quo
490 3219 614 3295 wdicere'
629 3246 700 3293 non
716 3245 881 3318 possum,
909 3221 963 3294 uti
979 3224 1102 3293 resera
1119 3221 1254 3314 sentio,

318 3321 494 3418 quantum
514 3318 588 3397 tibi¹
606 3317 769 3391 debeam.
795 3317 884 3417 Legi
905 3317 996 3392 illud
1019 3317 1128 3392 semel
1147 3335 1257 3420 atque

315 3418 466 3506 iterbm,
484 3443 602 3515 neque
614 3414 811 3488 retractabo
827 3414 945 3492 minus
954 3417 1138 3506 suaviter,
1191 3423 1257 3486 st·
1307 3421 1316 3428 ’

318 3541 429 3615 quam
437 3511 749 3610 corumeaplevero
758 3513 994 3588 curiositatem
1001 3513 1087 3626 ,qui
1096 3513 1165 3585 libe
1192 3541 1258 3588 um

317 3616 401 3688 uere
417 3625 572 3684 aureum·
582 3607 757 3688 unbiunt.
775 3613 991 3724 Qucnqusun
1006 3639 1070 3691 ura
1078 3611 1254 3699 exorabo,

318 3735 398 3812 qnae
407 3725 471 3782 tue
482 3706 736 3799 modestieest,
754 3737 799 3785 ne
815 3708 997 3810 suspiceris
1009 3694 1150 3784 ailulsri
1165 3705 1254 3786 velle
