2668 4414
179 175 181 180 ’
289 171 340 287 96
503 201 970 256 fiennon-ron

172 353 174 356 -
289 325 325 381 et
341 308 455 379 heatae
468 306 563 419 panis
577 304 648 376 otio
660 301 884 412 fruehantur.
903 308 966 378 Isti
975 308 1022 378 ad
1034 322 1233 380 extremum
1308 306 1313 315 ’

237 435 242 440 ·
287 433 401 506 usque
425 404 590 504 spuitum
619 401 804 502 trajectam
832 403 1045 504 gravissimis
1065 405 1232 477 aemmnis

208 534 212 544 ·
286 503 399 575 vitam
415 499 653 600 perferebant.
683 500 741 572 Illi
764 502 972 574 evertendas
989 529 1105 594 arces,
1124 502 1232 600 urbes

287 600 516 691 excidendae,
530 599 717 672 vastandas
727 597 947 693 Provinciam
956 599 1014 671 isti
1021 598 1234 700 hangendas

286 698 515 796 cupiditates,
528 696 740 769 vincendum
754 697 913 770 animum
926 749 937 790 ,
956 715 1105 772 mortem
1116 699 1233 798 ipsam

286 796 526 896 superandam
552 793 621 866 sibi
641 793 895 908 proponebant.
915 795 972 866 ΠΗ
994 823 1120 868 arcano
1146 823 1235 898 quo-

286 893 370 966 dam
385 892 559 992 superhiae
571 889 665 964 fastu
681 891 854 964 stimulati
873 921 886 985 3
913 893 973 966 isti
990 893 1095 965 solius
1118 893 1233 966 divini

286 992 414 1062 amoris
432 989 548 1062 studio
564 989 710 1062 incensi.
728 989 785 1060 ΠΗ
804 1006 847 1061 ut
864 990 932 1062 sibi
956 991 1053 1091 apud
1121 1009 1233 1062 steros

284 1087 385 1160 fortis
397 1089 506 1159 animi
522 1084 655 1160 famam
668 1097 934 1188 compararent3
949 1087 1006 1161 isti
1016 1019 1147 1162 utssho
1164 1089 1234 1162 Sti-¹

283 1186 449 1287 perisque
466 1185 609 1287 gratiosi
624 1183 854 1258 haberentur.
946 1187 950 1196 ’

332 1286 404 1356 Eat
429 1311 511 1385 ergo
537 1312 632 1357 nunc
656 1283 865 1356 ostentatrix
884 1285 939 1356 sui
967 1300 1070 1358 vetus
1090 1283 1230 1378 Roma,

283 1397 322 1453 et
332 1383 471 1453 Heroas
490 1407 570 1454 suos
587 1380 670 1454 cum
685 1379 812 1454 nostris
832 1377 1008 1473 conferat,
1035 1385 1098 1456 arft
1119 1383 1233 1456 etiam

283 1477 392 1573 fortes
410 1505 456 1592 ap
482 1479 749 1580 ellandosputet
759 1531 771 1572 ,
790 1479 854 1581 qui
864 1479 981 1551 timidi
994 1477 1230 1582 plerumque,

284 1576 350 1676 qui
365 1577 440 1649 desr
466 1604 503 1648 es
516 1591 553 1648 et
569 1577 689 1677 ignavi
706 1576 797 1648 nihil
812 1603 906 1649 verae
922 1577 1137 1679 sinceraeque
1160 1579 1235 1650 rir-

282 1675 370 1745 tutis
398 1671 626 1766 retinebant3
661 1673 725 1787 qui
758 1677 838 1745 edm
869 1671 986 1744 hostes
1018 1676 1231 1768 vincerent,

163 1805 165 1812 >
235 1830 239 1842 .
283 1797 322 1842 se
348 1773 441 1874 ipsos
467 1771 607 1844 vincere
637 1773 783 1844 numme
806 1769 1047 1844 sustinebant.
1065 1773 1150 1865 lili,
1175 1773 1245 1866 illi⁸

282 1863 389 1942 fortes
410 1868 474 1940 soli
493 1885 530 1940 et
553 1885 628 1940 tam
673 1870 796 1941 lorioso
815 1869 1044 1968 nuncupandi
1059 1871 1230 1964 nomine,

284 1966 348 2066 qui
372 1967 478 2038 nullis
500 1897 712 2048 cruciandus
732 1967 903 2066 corporis,
932 1966 1030 2038 nullo
1051 1968 1109 2040 vel
1133 1968 1232 2040 exilii

222 2109 228 2124 -
283 2064 342 2135 vel
359 2064 481 2136 mortis
498 2080 619 2157 metu,
636 2063 743 2137 nullis
753 2063 1075 2136 crudelissimorum
1089 2065 1231 2180 Tyran-

265 2167 412 2258 'norum
429 2161 607 2234 timoribus
636 2166 657 2234 h
685 2165 848 2264 suscepte
870 2161 980 2234 seme]
1000 2161 1134 2236 Christi
1158 2159 1232 2238 fide

282 2258 454 2336 deterreri
469 2275 672 2360 potuerunt.

518 2439 852 2496 asnnrounus
894 2448 963 2496 rr.

426 2585 497 2660 De
511 2584 671 2688 reliquis
685 2584 892 2674 Verborum
907 2573 1076 2688 Figuris.

330 2745 525 2848 Adjunctio
542 2748 619 2820 'sire
643 2749 802 2864 Zeugma
829 2766 883 2822 est
910 2748 1064 2848 Figura,
1087 2749 1160 2848 qud
1179 2751 1229 2822 ad

281 2868 395 2916 unum
408 2845 583 2936 uerbum,
602 2871 666 2918 seu
682 2874 838 2946 prrmum
846 2899 858 2940 ,
878 2875 940 2938 seu
957 2846 1142 2937 medium,
1161 2873 1226 2920 seu

280 2959 498 3112 [ostremum
518 2944 637 3044 plures
656 2945 839 3017 sententiae
864 2940 1087 3016 referuntur.=
1102 2943 1226 3016 Cicero

314 3041 364 3112 ib.
397 3041 441 3113 de
462 3043 612 3113 Oratore
637 3044 682 3114 ad
703 3043 868 3114 Brutum.
897 3039 1009 3138 Quid
1025 3057 1103 3114 tam
1120 3069 1222 3116 com-

284 3165 422 3231 muoe.,
449 3141 563 3242 qudm
584 3144 738 3258 spiritus
759 3144 884 3227 virio,
909 3157 1010 3213 terra
1037 3145 1194 3213 mortuis
1208 3193 1224 3226 ,

281 3262 387 3308 mare
401 3235 683 3332 fhccmnutzbus
695 3291 707 3331 ,
738 3237 844 3311 littus
869 3240 1006 3340 ejectis
1022 3239 1040 3310 3
1054 3236 1131 3309 Ubi
1154 3263 1224 3308 vox

277 3333 342 3406 illa
358 3361 572 3428 commuue,
584 3331 704 3408 multis
713 3336 856 3409 vocibus
868 3336 1037 3427 inseruit,
1055 3336 1102 3406 ad
1114 3339 1224 3437 qoam

279 3431 350 3504 illae
361 3429 576 3506 referuntur.
591 3437 680 3506 Item
692 3463 756 3534 pro
767 3437 862 3533 Lege
871 3433 999 3505 Manil.
1013 3461 1050 3504 n.
1063 3438 1124 3524 4ο.
1145 3432 1230 3506 Sed

281 3529 341 3605 toe
364 3557 424 3604 res
442 3575 464 3618 ,·
486 3557 570 3634 qua·
596 3552 749 3604 coetems
768 3537 948 3614 remorari
971 3531 1118 3618 solem,
1150 3557 1224 3630 uon

282 3629 526 3704 retardarunt
546 3661 558 3700 .·
575 3655 649 3702 nou
666 3631 828 3703 avaritia
854 3630 906 3702 ab
922 3635 1093 3704 instituto
1113 3651 1225 3702 eursu

279 3725 342 3800 ud
340 3729 518 3828 proedam
529 3727 701 3829 aliquam
711 3733 922 3817 revocavit,
940 3755 1014 3804 uou
1030 3726 1151 3804 libido
1167 3725 1228 3804 ad

294 3122 298 3132 r
