2736 4414
309 209 381 310 570
574 229 1033 282 aaaroaron'
1229 303 1233 312 ἢ

308 333 421 404 dicam
444 331 623 440 ingenue,
647 327 887 429 quod'senn'o,
913 345 950 400 et
961 381 973 419 ,
992 329 1121 400 damno
1138 327 1251 402 etiam

309 425 645 517 me0,.s1nceritatis
663 425 799 519 cultor,
823 429 932 539 quam
952 427 1115 500 adulator
1136 429 1253 527 turpis

309 526 433 598 malim
452 524 577 596 videri.
600 523 745 596 Plaudis
765 525 932 598 nimirum
952 524 1038 618 tibi,
1052 528 1134 596 otim
1146 523 1252 596 blanss

311 623 397 696 ditis
423 649 553 722 puero,
579 625 660 693 cum
689 619 932 722 ligisoscula',
955 626 1036 693 edm
1057 620 1255 718 l'eroculum

222 742 224 758 ¹
312 721 421 792 etiam
439 721 649 820 plerumque
668 715 765 792 foves
785 719 824 792 in
840 719 931 792 sinu.
958 721 1035 810 At,
1062 720 1093 791 si
1113 715 1251 810 nescis,

310 817 442 890 catulos
468 845 546 888 suos
557 819 644 890 dum
657 817 803 890 suavius
817 816 994 890 osculatur
1010 815 1142 908 Senia,
1162 817 1254 888 dum

309 915 451 1014 stringit
480 915 639 1006 arotids',
671 917 813 987 eosdem
825 977 827 982 Α
840 915 1045 1014 imprudens
1058 941 1116 986 .ac
1143 911 1254 986 stulta

194 1029 214 1071 '—
308 1019 458 1085 mnutun
470 1029 605 1084 enecat.
624 1013 685 1084 Tu
705 1012 793 1114 quid
808 1010 893 1086 facis
909 1013 1134 1106 aliud‚.dum
1149 1012 1255 1082 Pam·
1281 1015 1287 1026 “

310 1111 406 1210 philo
425 1126 486 1181 tuo
503 1137 566 1210 per
588 1108 641 1182 fas
662 1137 702 1184 aa
724 1109 823 1182 nefas
842 1110 1004 1210 indulges
1025 1107 1252 1210 impensius,

310 1209 381 1280 nisi
390 1209 645 1281 adolescentem
662 1206 832 1280 miserum
846 1206 1036 1280 Simiarum
1050 1233 1149 1279 more
1165 1231 1252 1306 per·

311 1306 365 1376 dis
393 1323 501 1406 atque
522 1306 746 1378 exterminas.
773 1305 852 1378 Osi
867 1305 1030 1398 videres,
1048 1306 1257 1471 (1υωῖιέ

310 1402 440 1474 videris
456 1405 494 1476 id
507 1405 616 1496 satis,
636 1405 704 1475 nisi
725 1420 761 1477 te
782 1429 968 1504 amorptae
1014 1417 1160 1497 steruso

313 1519 423 1573 caret.
438 1501 472 1572 Ο
485 1502 688 1594 si'videres,
706 1501 873 1604 inquam,
893 1527 964 1601 qua
992 1526 1008 1571 s
1026 1502 1046 1572 ὲ
1062 1497 1256 1598 complexi-

308 1597 377 1670 bus
396 1600 469 1671 tuis
489 1599 664 1672 excedat!
690 1625 799 1700 quem
824 1601 969 1671 demum
985 1624 1032 1670 ex
1056 1595 1119 1668 illa
1147 1593 1256 1666 disci-

307 1695 407 1796 plina
426 1700 490 1768 tud
511 1694 668 1769 fructum
686 1695 863 1798 reportet!
884 1711 927 1768 ut
948 1696 1077 1767 otiosus
1101 1707 1195 1764 totus
1213 1673 1263 1762 ad

307 1792 430 1864 deses!
454 1810 497 1864 ut
526 1791 681 1894 flagitans
706 1794 862 1885 laboris,
891 1809 934 1866 ut
955 1789 1157 1866 fastidiosus
1178 1789 1258 1870 Lit-

307 1906 492 1982 terarum,
509 1907 552 1962 ut
573 1891 776 1964 eruditionis
798 1891 900 1963 bonae
916 1915 994 1961 osor
1008 1888 1190 1986 pertinax,
1214 1901 1261 1956 ut

307 2015 411 2088 asper
436 1988 667 2061 monitoribus*
675 2041 687 2077 ,
717 2005 760 2058 ut
777 1984 1023 2082 increpationis
1039 1981 1230 2079 impatiens
1244 2033 1258 2072 ,

307 2101 349 2154 ut
386 2085 512 2182 plenus
543 2089 622 2174 aul,
652 2097 695 2151 ut
719 2079 912 2174 insolenter
939 2076 1132 2179 arrogans!
1159 2076 1260 2150 Nam

333 2203 416 2252 uem
431 2180 491 2251 ille
507 2179 566 2250 vel
582 2177 722 2267 audiat,
740 2174 798 2249 vel
810 2193 1006 2278 sequatur,
1022 2175 1081 2248 rel
1095 2189 1256 2266 metuat,

290 2206 395 2348 dum
407 2276 529 2347 matris
541 2275 719 2347 inumbrb
733 2290 937 2375 ,tauquam
951 2272 1113 2372 praesidio
1132 2271 1255 2346 muni-

307 2389 368 2446 tus
383 2371 673 2474 inexpugnabili,
691 2371 942 2474 magistrorum
957 2369 1123 2460 consilia,
1139 2369 1260 2442 admo-

308 2473 485 2564 nitiones,
511 2472 626 2542 minas
647 2468 830 2569 despicit?
862 2469 993 2568 Neque
1020 2466 1061 2540 lu
1087 2473 1172 2539 verb
1196 2482 1260 2538 aut

307 2569 424 2639 nullas
434 2583 497 2638 aut
506 2567 614 2637 etiam
623 2591 718 2638 serae
728 2565 893 2662 mollioris
901 2563 1260 2664 indulgentiaepoenas

304 2663 511 2752 <labienum
520 2660 632 2732 saenis
644 2661 704 2733 ille
718 2663 758 2732 in
769 2663 865 2734 omni
875 2663 958 2734 vitae
968 2676 1068 2759 parte
1080 2659 1258 2752 licentior,

306 2775 345 2832 et
362 2760 408 2830 ad
425 2756 593 2858 quaelibet
608 2757 826 2870 Reipublicae
842 2757 968 2828 munia
988 2756 1255 2856 ineptissimus,

306 2873 487 2968 acceptam
512 2857 534 2924 a
561 2851 759 2948 Maioribus
783 2854 931 2954 gloriam
953 2881 1025 2925 non
1055 2855 1159 2925 modo
1185 2880 1259 2927 non
1357 2919 1358 2946 ,

306 2954 494 3044 tuebitur,
519 2952 581 3044 s'ed
603 2952 746 3051 ignavie
767 2951 887 3053 turpi,
907 2951 1063 3023 socordia
1070 3004 1086 3038 ,
1108 2951 1256 3023 libidine

306 3047 544 3125 dedecorabit.
573 3049 671 3121 Tum
694 3049 868 3152 intelliges
880 3102 891 3139 ,
940 3053 1025 3120 udm
1042 3048 1255 3150 perniciosus

307 3149 529 3224 luetitamor
540 3145 600 3219 ille
612 3147 676 3248 qui
692 3147 759 3218 tibi
774 3147 850 3244 jam
863 3077 1005 3238 illddit3
1026 3163 1104 3218 tum
1121 3145 1257 3217 mederi

307 3247 401 3319 malo
434 3245 560 3337 voles,
592 3245 687 3348 qnod
711 3243 887 3317 medelam
908 3243 1045 3316 nullam
1076 3243 1252 3316 admittet.

239 3431 247 3446 θ
307 3342 473 3426 Manebis
500 3343 579 3444 ipsa
611 3343 763 3416 vicissim
777 3377 800 3435 ,ι
823 3341 1079 3415 adolescentem
1108 3365 1260 3442 argues,

307 3441 464 3518 indolem
487 3465 660 3540 pravam,
679 3441 767 3514 vitia
778 3439 979 3534 incusabis;
1003 3439 1152 3512 excitare
1176 3453 1260 3508 ten·

282 3545 284 3557 “
308 3539 400 3612 tabis
421 3537 467 3610 ad
479 3533 614 3638 'magna
634 3565 785 3640 quaeque
802 3555 1000 3639 torpentem
1017 3565 1056 3608 ac
1075 3561 1261 3608 senescen-
1295 3601 1303 3610 .

252 3698 253 3701 ,
309 3653 384 3708 tem
402 3637 560 3708 animum
579 3665 590 3728 3
614 3653 883 3729 contumacem,
902 3635 1101 3737 perditum,
1127 3631 1260 3704 consilii

203 3799 210 3819 ,
310 3729 394 3806 boni
404 3749 679 3835 contemptorem
691 3734 856 3835 corripies
865 3733 1052 3826 nimirum,
1067 3747 1126 3824 et,
1146 3731 1262 3802 inteu-
