2768 4410
367 257 574 308 trusa
621 251 895 303 rnruu's.
1032 227 1105 304 313

214 355 391 456 Equidem
408 383 477 426 non
491 379 570 426 sum
584 379 670 454 ego,
688 352 853 444 Judices,
874 369 948 422 tam
960 351 1106 452 iniquus

161 472 286 530 serum
294 455 501 544 aestimator,
514 467 576 522 aut
587 467 661 523 tam
671 451 845 522 detractor
852 450 974 522 alienae
985 446 1105 536 famae,

164 567 208 624 ut
234 547 385 624 diffitear
412 550 644 650 gratissimam
667 546 751 620 huic
773 547 907 622 civitati
933 547 1105 644 Melampi

164 647 377 720 industriam
390 664 496 749 atque
510 673 652 748 operam
664 645 851 718 exstitisse.
862 645 999 718 Fecisse
1008 643 1106 715 visus

165 761 221 815 est
239 745 393 816 adhunc
407 773 520 848 usque
544 745 661 834 diem,
680 744 775 856 quod
788 743 935 816 studiosi
952 741 1104 829 Medici,

167 857 203 912 et
219 869 337 912 rerum
364 859 563 914 nostrarum
579 841 697 942 cupidi
713 837 866 914 officium
890 837 1103 940 postulabat.

166 937 217 1012 At
233 937 392 1010 hodierni
405 937 500 1011 facti
513 939 664 1012 dedecus
682 939 734 1020 ,sic
760 966 900 1020 omnem
918 935 1106 1038 praeteritae

166 1035 308 1134 gratiae,
352 1053 612 1138 uantacumque
638 1037 700 1128 sit,
723 1037 928 1109 memoriam
949 1028 1103 1104 labefac-

165 1133 271 1224 tavit,
288 1063 376 1204 nilil
396 1150 437 1205 ut
456 1135 620 1234 deinceps
636 1151 765 1233 prester
782 1161 941 1207 severam
957 1129 1107 1229 judicio·

166 1249 246 1300 rum
264 1247 461 1304 vestrorum
481 1231 687 1342 aequitatem
703 1231 794 1306 ferre
815 1246 1007 1303 mereatur.
1039 1293 1041 1298 .

215 1325 500 1398 Conveneramus
516 1353 555 1398 111
571 1327 783 1429 Templum,
801 1329 856 1400 uti
871 1323 940 1397 fert
961 1323 1110 1427 pristina
1174 1351 1177 1371 ¹

166 1424 403 1513 consuetudo,
423 1417 560 1493 felicem
572 1423 752 1496 redeuntis
771 1425 855 1496 anni
874 1450 1014 1493 cursum
1031 1448 1111 1492 ora·

166 1519 254 1590 turi.
273 1520 410 1590 Aderat
425 1547 554 1620 magua
562 1521 682 1633 populi
690 1519 917 1621 frequentia,
936 1546 1043 1620 quem
1055 1517 1112 1590 vel

165 1639 286 1689 rerum
313 1643 458 1688 suatum
488 1634 701 1711 necessrtas,
731 1618 790 1692 vel
813 1617 1005 1690 communis
1027 1615 1112 1686 boni

165 1712 324 1784 studium
342 1713 550 1786 adduxerat.
568 1715 736 1806 Interim,
751 1715 838 1786 dum
849 1713 976 1786 intenti
990 1739 1111 1784 omnes

166 1811 328 1909 precibus
340 1811 501 1882 Deorum
514 1811 767 1905 immortalium
776 1839 880 1912 opem
894 1807 1109 1910 efflagitant3

164 1907 281 2006 erupit
299 1905 470 2008 Melampi
496 1926 669 2002 r013et‚
694 1909 789 2010 quod
811 1907 916 1981 tacito
942 1908 981 1979 in
1007 1907 1109 1978 corde

164 2030 350 2170 perperam
373 2023 480 2106 atque
496 2005 604 2174 impie
617 2031 719 2078 conce
765 2021 821 2080 rat
828 2005 892 2098 ,id
902 2001 1027 2114 efferre
1044 2005 1110 2104 pa·
1137 2046 1292 2094 mmm,

182 2127 238 2170 am
251 2101 485 2174 nonerubnit.
504 2105 539 2174 A
565 2121 639 2175 este
651 2106 713 2176 Me
729 2132 852 2204 ampo,
872 2103 978 2194 dixit,
991 2099 1111 2174 laven·

161 2211 221 2268 'tes
235 2197 316 2290 Dii,
336 2215 372 2270 et
388 2199 481 2272 hunc
497 2199 586 2273 mihi
603 2201 783 2304 rebusque
801 2201 889 2274 meis
901 2217 1111 2302 praesentem

168 2322 302 2368 annum
325 2293 515 2373 lorttmate.

214 2393 344 2494 Neque
371 2401 456 2467 rerd
473 2395 534 2496 pel
560 2425 710 2498 paucos,
740 2393 944 2498 talparum
967 2395 1110 2468 idoneos

166 2490 412 2659 ppetulationis
443 2492 562 2594 impiae
601 2513 708 2569 testes
737 2495 925 2568 habemus.
954 2494 1111 2566 Auditus

165 2621 168 2630 ·
205 2591 367 2688 'elampus
385 2589 430 2660 ab
441 2590 483 2662 iis
493 2645 505 2684 ,
523 2592 586 2693 qui
603 2595 882 2668 circumaderant
892 2645 904 2684 ‚
920 2592 1021 2692 pr‘obi
1033 2619 1110 2664 om-

166 2713 250 2778 nes,
273 2703 310 2756 et
341 2692 495 2788 spectati
518 2693 583 2772 toti
608 2693 736 2792 populo
756 2689 849 2783 fide,
870 2719 1020 2802 quorum
1046 2717 1109 2762 nec

166 2781 240 2878 ipse
258 2783 599 2860 Reustestimonium
614 2791 744 2862 audeat
756 2787 917 2860 inficiari.
936 2788 1111 2892 Continud

168 2879 383 2978 singulorum
400 2911 465 2980 per
484 2912 546 2956 ora
572 2903 647 2958 tam
664 2885 779 2985 iniqui
795 2886 867 2959 voti
887 2911 1006 2956 rumor
1027 2912 1121 2996 prex

167 2993 330 3076 pagatus.
361 2979 553 3053 Exhorruit
585 2983 632 3054 ad
660 2981 865 3082 hujusmodi
894 3010 995 3063 voces
1028 3008 1111 3052 um-

166 3101 269 3144 rersa
291 3073 434 3167 civitas,
459 3102 524 3152 nac
549 3076 617 3150 fuit
638 3083 847 3182 quisquam,
876 3079 938 3178 qui
967 3073 1110 3150 nefarias

100 3195 114 3274 ἑ
166 3173 374 3286 precationis
396 3174 577 3246 consilium
592 3177 736 3276 vimque
755 3203 895 3247 omnem
907 3173 1026 3246 statim
1038 3198 1111 3246 nou

166 3268 278 3342 intelli
303 3287 389 3343 eret.
426 3271 541 3343 Sensit
563 3275 809 3384 unusquisque
836 3271 1011 3372 provideri
1038 3299 1109 3343 nou

212 3377 266 3440 ss'e
280 3297 462 3468 illelampi
483 3369 689 3464 commodis,
717 3371 787 3440 msi
802 3395 929 3482 magno
952 3367 1109 3440 omniunt

212 3466 396 3558 trimento‚
421 3483 457 3537 et
466 3519 478 3557 ‚
500 3466 595 3566 quod
610 3467 648 3539 in
666 3465 979 3568 ipsius'utilrtatem
994 3483 1110 3538 verte-

167 3578 244 3652 ret,
259 3564 297 3633 id
308 3565 415 3636 totius
430 3563 576 3634 urbisin
589 3567 729 3637 ndnam
745 3592 818 3636 esse
832 3561 1105 3636 refundendum.

169 3658 207 3730 N
209 3683 267 3728 am
282 3663 370 3760 ¹quid
385 3661 537 3748 hominis
549 3663 682 3734 Medici
695 3691 770 3735 rem
783 3661 840 3760 adj
845 3677 950 3754 uret,
967 3678 1030 3734 aut
1041 3659 1109 3732 lor-

168 3771 294 3831 tunore
311 3757 427 3859 ipsum
446 3775 574 3861 queat,
593 3761 757 3856 Judices,
776 3761 845 3834 nisi
863 3757 1108 3863 languentium

1212 2281 1252 2346 ,ὲ
1304 2283 1310 2298 .
