2668 4414
258 157 327 208 tm
439 177 447 192 ·
519 157 928 224 narrentur
986 163 1011 172 ”

255 257 324 327 sibi
356 255 536 328 fortunam
565 258 717 346 Romani
750 259 1025 358 experirentur,
1062 277 1199 364 quanto

254 353 307 425 illi
322 355 444 426 utilius
459 372 588 426 sortem
603 353 819 427 laetissimam
829 351 925 428 lucro
936 359 1168 460 apponerent!

305 453 382 524 Hoc
410 453 527 552 ipsum
550 480 613 552 per
639 469 675 524 te
701 453 809 542 velim
831 457 1005 548 aestimes,
1027 458 1114 528 Du'x
1138 485 1197 529 sa·
1296 457 1304 466 ’

256 549 487 648 pientissimo.
515 550 585 622 Fac
606 577 649 623 eo
674 549 852 624 Romanos
878 580 984 645 esse,
1020 571 1199 654 querunt

152 735 157 743 Ι
257 647 564 748 Carthaginienses
589 647 675 742 loco.
703 649 743 720 Si
765 648 946 723 rebusilli
975 649 1200 724 abundarent

255 745 419 818 omnibns
431 774 443 837 3
475 746 504 818 si
529 745 709 845 copiarum
729 743 812 818 freti
833 775 981 820 numero
1009 776 1049 820 ao
1073 747 1199 821 robore
1231 813 1235 820 .

255 870 333 928 rem
355 843 529 916 haberent
548 871 630 915 oum
652 843 751 917 hoste
778 842 888 918 fracto
912 845 1047 918 viribus
1073 863 1110 917 et
1135 874 1200 918 ex-

256 941 382 1025 hausto
391 971 404 1034 3
423 943 452 1026 si
470 942 624 1014 victorie
642 969 741 1042 spem
764 959 897 1016 certam
917 959 1198 1042 praesumerent3

256 1056 359 1140 putas
384 1039 579 1111 otiurentur
603 1039 657 1110 illi
679 1041 855 1140 segniter,
877 1057 913 1113 et
935 1042 1102 1142 parandae
1123 1041 1199 1142 glo*

255 1136 318 1211 rire
348 1137 564 1210 occasionem
594 1153 669 1210 tom
706 1139 926 1210 commodam
948 1139 1200 1238 praetermitte-

143 1229 146 1237 ’
227 1233 361 1312 renti
391 1235 518 1316 Unum
547 1251 605 1328 te,
631 1233 810 1348 inquam,
839 1235 1014 1308 arbitrum
1032 1264 1073 1308 ec
1098 1236 1203 1336 judi·

105 1346 244 1424 romunt-
257 1359 333 1404 cem
351 1331 442 1405 volo.
462 1333 585 1406 Liceat
607 1333 696 1414 1nih1
709 1333 817 1406 etiarn
829 1333 936 1432 paulo
951 1333 1099 1407 liberius
1118 1339 1141 1404 d
1163 1351 1201 1407 to

66 1425 137 1460 ‘²¹²⁰‘
226 1520 227 1524 Ἰ
256 1431 479 1530 percunctari
488 1457 505 1521 ,3
537 1431 567 1501 si
594 1437 630 1502 te
653 1431 807 1504 Romani
828 1431 995 1503 vicissent
1027 1429 1074 1504 ed
1094 1431 1201 1504 Tiri-

257 1555 366 1618 num,
387 1529 418 1601 si
463 1525 682 1627 rofligussent
705 1529 751 1600 od
772 1527 967 1618 Trebiam,
995 1529 1025 1599 si
1044 1529 1091 1600 ad
1105 1530 1200 1604 Tru-

256 1556 567 1699 sunenumiacum
580 1641 839 1724 expugnassent
856 1677 868 1717 ,
892 1625 921 1696 si
936 1625 1144 1698 cecidissent
1154 1628 1202 1700 ed

256 1721 423 1814 Cannas,
443 1749 489 1794 en
516 1721 694 1796 stetissent
715 1722 768 1794 illi
795 1739 869 1800 tem
895 1749 1060 1822 prospero
1088 1725 1202 1797 victo·

256 1820 391 1892 riorum
415 1819 454 1892 in
470 1818 608 1892 cursui
640 1847 687 1892 an
704 1820 983 1920 triumphantem
1007 1823 1202 1895 exercitum
1245 1885 1248 1895 ,

257 1917 344 1990 luxu
359 1935 399 1990 et.
410 1918 541 2012 inertie
556 1918 734 2017 corrumpi
749 1917 1005 2020 depravarique
1022 1919 1202 1992 sinerenti

256 2043 303 2086 an
326 2013 569 2117 relinquerent
589 2015 749 2088 hostibus
770 2044 907 2088 moram
922 2017 1112 2116 reparandi
1129 2015 1201 2116 jao·

256 2128 449 2213 torosques
458 2110 645 2189 fecissenti
660 2141 707 2186 nn
715 2142 787 2186 non
794 2115 911 2215 potius
918 2114 1202 2214 urgeredtviotos

256 2209 412 2291 uoriteri
441 2211 724 2310 trepidantibus,
751 2229 790 2284 et
816 2209 956 2284 insolito
988 2227 1088 2283 metu
1121 2237 1201 2313 por·

255 2307 361 2381 oulsis
390 2306 592 2382 instarent-3
621 2308 739 2381 tristes
768 2309 916 2382 desolati
939 2309 1112 2382 exercitiis
1141 2333 1225 2383 rei*

255 2403 384 2506 liquius
471 2423 724 2508 sequerentur,
739 2407 848 2480 donec
864 2431 983 2480 rerum
1004 2407 1106 2506 potiti
1122 2433 1201 2480 om·
1218 2451 1223 2456 ·

256 2503 359 2676 piium
383 2433 530 2650 pidiam
562 2505 851 2606 cumulatumque
883 2503 1065 2578 uictoriam
1096 2521 1222 2578 retu--

284 2617 413 2675 ssent„
554 2663 556 2672 ,
843 2637 846 2645 ·

305 2699 429 2774 Tuum
452 2717 507 2774 est
527 2727 591 2802 pro
613 2703 677 2773 tub
745 2701 899 2794 ›dentib,
930 2701 984 2790 Im
1029 2716 1125 2772 rotor
1140 2727 1199 2772 sa-

280 2796 464 2892 aeissime,
500 2825 625 2872 cavere
654 2825 691 2869 se
718 2797 804 2890 ulb,
838 2814 880 2870 ut
938 2827 982 2871 uo
1036 2797 1199 2870 fecissent

256 2823 310 2968 fili
333 2895 498 2995 opinione
521 2901 615 2989 tud,
651 2894 807 2994 idipsum
837 2827 941 2966 bodib
963 2895 1104 2966 tibimet
1121 2897 1199 2994 ipse

144 3019 146 3022 ·
257 2989 459 3066 faciendum
477 3010 594 3093 putes.
613 2995 745 3065 Eamus
760 3019 869 3093 ergo,
893 2994 1105 3066 invadamus
1112 2993 1197 3066 'hos-

257 3107 334 3182 tes,
356 3090 444 3163 dum
462 3091 589 3164 nostris
605 3089 644 3162 in
657 3090 824 3163 menibus
840 3107 894 3162 est
911 3092 1077 3164 victoria:
1094 3109 1196 3190 peter

258 3209 338 3260 ntus
355 3189 528 3281 Romam,
551 3189 639 3260 dum
666 3187 835 3261 obsistere
854 3189 956 3260 nobis
972 3189 1034 3260 ille
1049 3215 1120 3258 non
1136 3217 1197 3288 po·

26 3311 36 3348 ι
152 3345 155 3350 .
190 3361 193 3364 ,
256 3301 355 3378 test3
373 3314 445 3360 non
471 3275 717 3388 permittemub
742 3287 812 3390 ipsi
829 3287 1034 3359 ulteriorem
1055 3285 1100 3356 ad
1120 3311 1196 3356 res·

255 3383 449 3482 pirendum
486 3413 653 3478 moram3
680 3411 749 3478 ne,
774 3386 804 3457 si
842 3384 919 3456 colli
943 3383 1025 3455 endi
1059 3407 1133 3452 sese
1161 3399 1198 3454 et

227 3479 230 3484 ⁵
258 3483 398 3556 rediute
487 3484 524 3558 di
545 3483 661 3581 copias
690 3481 845 3594 spatium
873 3413 1067 3568 hebuerit,
1094 3481 1198 3552 inva-

168 3637 175 3654 .
259 3579 369 3653 lescat
386 3583 393 3598 '
424 3609 446 3653 e
461 3582 600 3670 denuo,
614 3595 656 3649 et
671 3577 862 3650 ouantibus
883 3578 984 3650 nobis
997 3603 1121 3676 parem
1138 3579 1200 3650 ati-

261 3680 406 3800 ‹puandb
424 3695 574 3780 ecceptae
590 3675 810 3750 contumeliae
831 3675 950 3748 labem
970 3675 1148 3778 importet
