2756 4414
371 1 462 72 r]

317 219 411 314 fid
583 246 1002 310 surreptum

314 343 501 414 Parenteru
513 351 593 432 ,sn
614 339 838 436 camilicem3
862 347 1077 435 Hominem,
1103 371 1149 416 an
1179 341 1262 422 bel·

312 439 430 511 luam?
445 437 541 510 Nam
553 441 641 539 quid
655 442 894 535 dissimulem,
908 445 1030 516 Patres
1040 442 1235 543 Conscripti
1243 486 1256 534 ,

312 554 349 607 et
367 535 653 629 acerbissimam,
679 566 759 640 quae
779 566 836 611 me
864 568 909 612 an
934 543 982 632 't,
1013 568 1044 612 ae
1087 539 1258 612 ‘tudinem

311 659 435 706 verear
452 635 556 726 morti
571 637 753 734 proximus
766 638 919 737 aperire.
941 638 1058 710 Consu
1071 665 1129 710 em
1141 637 1259 710 dicere

310 747 347 802 te
370 757 495 822 ornas,
522 734 659 826 Brute,
687 752 723 806 et
749 735 1074 905 tyrannurznmpprsl
1094 735 1256 808 Parentis

306 828 505 928 jucundum
515 857 643 917 nomeu
660 829 825 924 affectas,
842 851 908 905 etc
976 835 983 848 '
1011 833 1059 903 cis
1069 857 1256 932 personam

272 1003 277 1018 p
308 925 484 1000 exhibes?
504 929 567 1000 Vis
584 927 767 1001 hominum
789 929 913 1002 haberi
934 930 1253 1020 moderatissimus,

308 1040 368 1114 et,
393 1025 489 1124 quod
505 1023 634 1097 belluae
647 1045 900 1117 execrarentur
918 1029 1055 1120 scelus,
1078 1027 1162 1126 ipsis
1182 1026 1257 1108 bel-

305 1119 374 1192 luis
409 1121 584 1193 crudelior
608 1151 648 1194 ac
667 1121 810 1195 ferocior
836 1125 967 1196 audere
995 1152 1066 1195 non
1094 1123 1251 1195 dubitas.

304 1217 546 1292 Scilicetvobis
554 1220 683 1292 Consul
690 1219 869 1294 videbitur
876 1274 891 1308 ,
903 1224 1025 1293 Patres
1037 1219 1249 1318 Conoeripti,

305 1317 369 1416 qui
396 1317 519 1416 putriae
543 1345 613 1388 non
640 1319 815 1409 consulit,
839 1319 900 1390 ssd
927 1317 1252 1390 eandem-evertite

303 1413 368 1513 qui
382 1411 477 1514 leges
492 1417 521 1484 d
537 1415 689 1488 Romulo
707 1434 744 1488 et
760 1415 787 1486 d
803 1412 926 1488 Num's
949 1444 988 1487 sa
1012 1417 1126 1488 ienter
1151 1416 1252 1486 insti-

303 1525 398 1583 tutas
408 1539 479 1583 non
491 1529 635 1606 tuetur,
655 1515 718 1586 sed
735 1513 907 1616 abrogati
923 1445 1134 1614 quillegem
1145 1541 1251 1588 suum

302 1635 342 1680 ac
360 1605 633 1711 coisssnguiuem
649 1639 720 1683 non
738 1609 899 1684 'defendit
925 1639 965 1682 ac
984 1610 1159 1712 protegit,
1187 1610 1251 1683 sed

302 1707 480 1806 dejectrun
510 1709 593 1780 solio
627 1709 809 1808 turpiter,
838 1709 1021 1820 privatum
1047 1734 1155 1806 reguo
1184 1734 1250 1806 per

301 1831 480 1894 summum
510 1804 628 1898 nefas,
658 1806 773 1908 patrie
799 1823 909 1877 etiem
929 1805 1020 1876 nihil
1041 1803 1111 1874 tale
1136 1805 1247 1876 meri-

300 1919 379 1996 tum
402 1903 518 2004 ejicit?
544 1905 606 2005 qui
632 1905 840 2002 promissam
864 1902 995 2012 Populo
1016 1903 1176 1970 Romano
1199 1901 1248 1972 li·

300 2001 475 2074 bertatem
491 2031 561 2072 uon
577 2003 679 2072 modo
695 2027 767 2070 non
785 2001 962 2097 impertit,
985 1997 1047 2069 sed
1067 1995 1173 2070 unius
1188 1999 1245 2072 le·.

237 2119 242 2136 ‘
299 2099 542 2200 §widlegis
557 2097 596 2166 in
621 2097 736 2167 locrun
753 2097 840 2167 duos
861 2093 1047 2194 Tyrannus
1061 2095 1245 2168 ‚crudelis-

274 2241 279 2252 ·
296 2197 403 2270 simos
427 2193 632 2266 substituit?
798 2251 803 2258 .

299 2341 310 2356 ι
337 2292 489 2366 Durum
515 2309 569 2364 est
594 2291 766 2393 quidem,
793 2294 916 2363 Patres
936 2288 1159 2402 Conscripfi,
1192 2292 1244 2382 sie

273 2391 274 2394 ’
295 2391 416 2465 invehi
433 2391 698 2489 impetentem,
724 2407 787 2480 et,
813 2405 921 2489 quem
940 2405 1069 2460 natura
1086 2413 1163 2486 ipss
1181 2417 1243 2461 ve·

292 2491 451 2564 rendum?
463 2504 500 2559 et
514 2488 708 2559 amandum
722 2486 934 2590 praescribit,
956 2485 1108 2558 eundem
1124 2486 1239 2558 mele-

104 2688 109 2697 Ι
187 2607 189 2612 ’
292 2586 402 2654 dictis·
416 2588 600 2655 lacescere.
619 2586 671 2655 At
687 2585 862 2685 numquid
881 2581 1092 2654 suavissimis
1104 2579 1173 2654 illis
1185 2583 1240 2654 le·

255 2747 257 2752 .
331 2680 393 2749 bus
416 2704 486 2749 uos
494 2681 618 2750 eximit
637 2705 676 2752 ac
694 2681 988 2751 liberauimmitis
1007 2695 1129 2779 pater,
1152 2680 1243 2754 dum

289 2707 378 2852 filios
395 2771 569 2944 ubhepst,
590 2777 726 2878 rejicit,
744 2775 950 2849 execremrl
974 2777 1061 2848 dum
1082 2774 1240 2876 paterne
1360 2849 1362 2854 ,

289 2873 445 2947 caritatis
469 2901 490 2944 o
516 2874 597 2946 litus
627 2891 819 2974 tyrannum
847 2901 885 2946 se
907 2873 1009 2945 nobis
1034 2901 1075 2968 ac
1101 2873 1238 2951 carnifi-
1323 2946 1330 2956 ,

288 2997 366 3046 ‘cem
387 2971 532 3068 exhibet
547 2989 656 3072 utque
669 2973 762 3044 ultrh
786 2969 992 3076 profitetur?
1017 2973 1127 3064 Quen
1153 3001 1235 3046 uum

287 3069 461 3144 ferremus
484 3070 648 3170 sequius,
674 3071 796 3142 Patres
825 3069 1045 3169 Conscripti3
1063 2999 1152 3142 nihil
1173 3099 1235 3144 uos
1285 3065 1289 3092 ¹

286 3169 429 3260 feralis,
444 3195 552 3268 quem
572 3169 610 3238 in
626 3167 819 3240 immeritos
837 3167 940 3258 tulit,
960 3170 1142 3239 sententias
1151 3184 1232 3250 ten-

287 3273 365 3358 uius
381 3267 418 3366 pi
463 3283 538 3358 ret,
553 3266 620 3336 nisi
631 3292 692 3336 nos
709 3282 881 3365 tauquam
893 3263 1084 3364 proditores
1093 3266 1231 3362 patrie,

285 3291 478 3464 parricidiis
496 3391 536 3434 ac
557 3357 754 3476 perduelles
770 3358 912 3461 juberet
923 3362 1047 3434 occidi:
1069 3389 1140 3432 non
1158 3387 1232 3458 poe-

284 3487 349 3532 nas
367 3477 594 3560 quantumvis
611 3488 758 3562 graves,
778 3488 850 3531 non
866 3475 1046 3532 cruentam
1063 3474 1229 3552 mortem,

284 3561 347 3630 sed
358 3585 545 3658 poenarum
559 3585 599 3629 ec
612 3558 737 3630 mortis‘
757 3585 899 3630 causam
917 3555 1226 3700 perhorrescimus.

285 3655 490 3755 Numquid
512 3656 674 3754 egimus,
696 3657 826 3726 'amabo
850 3681 931 3724 vos.
960 3653 1054 3752 quod
1082 3655 1226 3728 tandem

271 3752 397 3828 'scelus
414 3770 573 3832 nostrum
590 3749 666 3836 esti
684 3753 777 3854 quid
784 3751 980 3863 admissum
997 3754 1019 3824 d
1037 3750 1137 3824 nobis
1153 3767 1225 3824 tam
