<?xml version="1.0" encoding="UTF-8"?>
<!DOCTYPE html PUBLIC "-//W3C//DTD XHTML 1.0 Transitional//EN"
    "http://www.w3.org/TR/xhtml1/DTD/xhtml1-transitional.dtd">
<html xmlns="http://www.w3.org/1999/xhtml" xml:lang="en" lang="en">
 <head>
  <title>
</title>
<meta http-equiv="Content-Type" content="text/html;charset=utf-8" />
  <meta name='ocr-system' content='tesseract 3.04.00' />
  <meta name='ocr-capabilities' content='ocr_page ocr_carea ocr_par ocr_line ocrx_word'/>
</head>
<body>
  <div class='ocr_page' id='page_1' title='image "./bibliothecarhet01jaygoog/bibliothecarhet01jaygoog_0236.png"; bbox 0 0 2710 4418; ppageno 0'>
   <div class='ocr_carea' id='block_1_1' title="bbox 284 211 965 282">
    <p class='ocr_par' dir='ltr' id='par_1_1' title="bbox 284 211 965 282">
     <span class='ocr_line' id='line_1_1' title="bbox 284 211 965 282; baseline -0.001 -1"><span class='ocrx_word' id='word_1_1' title='bbox 284 211 364 282; x_wconf 70' lang='lat'><em>&#39;232</em></span> <span class='ocrx_word' id='word_1_2' title='bbox 554 221 965 280; x_wconf 71' lang='lat' dir='ltr'><em>unerostctz</em></span> 
     </span>
    </p>
   </div>
   <div class='ocr_carea' id='block_1_2' title="bbox 177 324 1296 3542">
    <p class='ocr_par' dir='ltr' id='par_1_2' title="bbox 287 324 1231 522">
     <span class='ocr_line' id='line_1_2' title="bbox 288 324 1231 418; baseline 0.004 -22"><span class='ocrx_word' id='word_1_3' title='bbox 288 327 366 398; x_wconf 91' lang='lat' dir='ltr'><em>culo</em></span> <span class='ocrx_word' id='word_1_4' title='bbox 388 324 433 398; x_wconf 82' lang='lat' dir='ltr'><em>de</em></span> <span class='ocrx_word' id='word_1_5' title='bbox 453 325 645 418; x_wconf 85' lang='lat' dir='ltr'><strong>Adversis,</strong></span> <span class='ocrx_word' id='word_1_6' title='bbox 663 327 726 397; x_wconf 86' lang='lat' dir='ltr'><em>ubi</em></span> <span class='ocrx_word' id='word_1_7' title='bbox 746 327 906 400; x_wconf 69' lang='lat' dir='ltr'><em>Catilinae</em></span> <span class='ocrx_word' id='word_1_8' title='bbox 928 342 1093 402; x_wconf 78' lang='lat' dir='ltr'><em>naturam</em></span> <span class='ocrx_word' id='word_1_9' title='bbox 1109 326 1231 400; x_wconf 79' lang='lat' dir='ltr'><em>multi·</em></span> 
     </span>
     <span class='ocr_line' id='line_1_3' title="bbox 287 423 843 522; baseline 0 -27"><span class='ocrx_word' id='word_1_10' title='bbox 287 423 415 522; x_wconf 85' lang='lat' dir='ltr'><em>ph&#39;cem</em></span> <span class='ocrx_word' id='word_1_11' title='bbox 444 449 483 492; x_wconf 86' lang='lat' dir='ltr'><em>ac</em></span> <span class='ocrx_word' id='word_1_12' title='bbox 508 423 643 494; x_wconf 83' lang='lat' dir='ltr'><em>veriam</em></span> <span class='ocrx_word' id='word_1_13' title='bbox 667 423 843 495; x_wconf 87' lang='lat' dir='ltr'><strong>describit.</strong></span> 
     </span>
    </p>

    <p class='ocr_par' dir='ltr' id='par_1_3' title="bbox 270 517 1279 2170">
     <span class='ocr_line' id='line_1_4' title="bbox 337 517 1228 596; baseline 0.007 -6"><span class='ocrx_word' id='word_1_14' title='bbox 337 521 383 590; x_wconf 89' lang='lat' dir='ltr'><em>Et</em></span> <span class='ocrx_word' id='word_1_15' title='bbox 395 517 485 588; x_wconf 82' lang='lat' dir='ltr'><em>libro</em></span> <span class='ocrx_word' id='word_1_16' title='bbox 501 518 537 590; x_wconf 54' lang='lat'><em>3⁴.</em></span> <span class='ocrx_word' id='word_1_17' title='bbox 557 520 601 593; x_wconf 87' lang='lat' dir='ltr'><em>de</em></span> <span class='ocrx_word' id='word_1_18' title='bbox 618 519 765 594; x_wconf 77' lang='lat' dir='ltr'>Oratore</span> <span class='ocrx_word' id='word_1_19' title='bbox 789 549 825 592; x_wconf 89' lang='lat' dir='ltr'><em>n.</em></span> <span class='ocrx_word' id='word_1_20' title='bbox 851 521 889 594; x_wconf 86' lang='lat'><em>8.</em></span> <span class='ocrx_word' id='word_1_21' title='bbox 906 518 1045 594; x_wconf 83' lang='lat' dir='ltr'><em>felicem.</em></span> <span class='ocrx_word' id='word_1_22' title='bbox 1060 522 1228 596; x_wconf 75' lang='lat' dir='ltr'><strong>Crassum</strong></span> 
     </span>
     <span class='ocr_line' id='line_1_5' title="bbox 285 616 1227 716; baseline 0.004 -29"><span class='ocrx_word' id='word_1_23' title='bbox 285 625 361 700; x_wconf 79' lang='lat' dir='ltr'><em>esse</em></span> <span class='ocrx_word' id='word_1_24' title='bbox 387 616 529 714; x_wconf 83' lang='lat' dir='ltr'><em>probat,</em></span> <span class='ocrx_word' id='word_1_25' title='bbox 553 619 649 716; x_wconf 76' lang='lat' dir='ltr'><em>quod</em></span> <span class='ocrx_word' id='word_1_26' title='bbox 673 646 764 712; x_wconf 89' lang='lat' dir='ltr'><em>mors</em></span> <span class='ocrx_word' id='word_1_27' title='bbox 786 618 839 688; x_wconf 88' lang='lat' dir='ltr'><em>illi</em></span> <span class='ocrx_word' id='word_1_28' title='bbox 860 621 1023 690; x_wconf 85' lang='lat' dir='ltr'><strong>clauserit</strong></span> <span class='ocrx_word' id='word_1_29' title='bbox 1049 619 1161 691; x_wconf 88' lang='lat' dir='ltr'><em>oculos</em></span> <span class='ocrx_word' id='word_1_30' title='bbox 1182 647 1227 691; x_wconf 84' lang='lat' dir='ltr'><em>eo</em></span> 
     </span>
     <span class='ocr_line' id='line_1_6' title="bbox 284 713 1227 812; baseline 0.008 -30"><span class='ocrx_word' id='word_1_31' title='bbox 284 729 359 783; x_wconf 78' lang='lat' dir='ltr'><em>tem</em></span> <span class='ocrx_word' id='word_1_32' title='bbox 385 741 469 802; x_wconf 86' lang='lat' dir='ltr'><em>ore,</em></span> <span class='ocrx_word' id='word_1_33' title='bbox 490 741 559 812; x_wconf 90' lang='lat' dir='ltr'><em>quo</em></span> <span class='ocrx_word' id='word_1_34' title='bbox 576 716 671 786; x_wconf 83' lang='lat' dir='ltr'><em>visus</em></span> <span class='ocrx_word' id='word_1_35' title='bbox 689 715 779 785; x_wconf 77' lang='lat' dir='ltr'><em>nihil</em></span> <span class='ocrx_word' id='word_1_36' title='bbox 792 718 891 786; x_wconf 85' lang='lat' dir='ltr'><em>erati</em></span> <span class='ocrx_word' id='word_1_37' title='bbox 917 717 1025 787; x_wconf 75' lang='lat' dir='ltr'><em>sinisi</em></span> <span class='ocrx_word' id='word_1_38' title='bbox 1038 713 1227 790; x_wconf 83' lang='lat' dir='ltr'><em>fimereum</em></span> 
     </span>
     <span class='ocr_line' id='line_1_7' title="bbox 283 741 1226 909; baseline 0.006 -30"><span class='ocrx_word' id='word_1_39' title='bbox 283 741 384 909; x_wconf 58' lang='lat' dir='ltr'><em>quii</em></span> <span class='ocrx_word' id='word_1_40' title='bbox 407 809 617 909; x_wconf 82' lang='lat' dir='ltr'><em>objecturus.</em></span> <span class='ocrx_word' id='word_1_41' title='bbox 649 815 742 884; x_wconf 85' lang='lat' dir='ltr'><em>Fuit</em></span> <span class='ocrx_word' id='word_1_42' title='bbox 776 813 848 886; x_wconf 83' lang='lat' dir='ltr'><em>hoc</em></span> <span class='ocrx_word' id='word_1_43' title='bbox 879 745 1087 886; x_wconf 55' lang='lat' dir='ltr'><em>intumum</em></span> <span class='ocrx_word' id='word_1_44' title='bbox 1125 817 1226 899; x_wconf 85' lang='lat' dir='ltr'><em>suis,</em></span> 
     </span>
     <span class='ocr_line' id='line_1_8' title="bbox 284 905 1232 1009; baseline 0.004 -33"><span class='ocrx_word' id='word_1_45' title='bbox 284 905 461 978; x_wconf 84' lang='lat' dir='ltr'><em>acerbum</em></span> <span class='ocrx_word' id='word_1_46' title='bbox 473 912 640 1008; x_wconf 78' lang='lat' dir='ltr'><em>petrice,</em></span> <span class='ocrx_word' id='word_1_47' title='bbox 663 935 780 1009; x_wconf 79' lang='lat' dir='ltr'><em>grave</em></span> <span class='ocrx_word' id='word_1_48' title='bbox 803 908 909 980; x_wconf 85' lang='lat' dir='ltr'><em>bonis</em></span> <span class='ocrx_word' id='word_1_49' title='bbox 934 909 1104 982; x_wconf 86' lang='lat' dir='ltr'><em>omnibus</em></span> <span class='ocrx_word' id='word_1_50' title='bbox 1113 941 1131 1000; x_wconf 90' lang='lat'><em>;</em></span> <span class='ocrx_word' id='word_1_51' title='bbox 1154 910 1232 982; x_wconf 88' lang='lat' dir='ltr'><em>sed</em></span> 
     </span>
     <span class='ocr_line' id='line_1_9' title="bbox 283 1007 1225 1107; baseline 0.006 -33"><span class='ocrx_word' id='word_1_52' title='bbox 283 1007 316 1074; x_wconf 88' lang='lat' dir='ltr'><em>ii</em></span> <span class='ocrx_word' id='word_1_53' title='bbox 340 1018 463 1076; x_wconf 84' lang='lat' dir='ltr'><em>tumen</em></span> <span class='ocrx_word' id='word_1_54' title='bbox 490 1030 602 1076; x_wconf 85' lang='lat' dir='ltr'><em>casus</em></span> <span class='ocrx_word' id='word_1_55' title='bbox 627 1008 764 1107; x_wconf 84' lang='lat' dir='ltr'><em>Remp.</em></span> <span class='ocrx_word' id='word_1_56' title='bbox 792 1011 913 1078; x_wconf 91' lang='lat' dir='ltr'><em>secuti</em></span> <span class='ocrx_word' id='word_1_57' title='bbox 928 1025 1035 1092; x_wconf 84' lang='lat' dir='ltr'><em>sunt,</em></span> <span class='ocrx_word' id='word_1_58' title='bbox 1059 1025 1105 1081; x_wconf 89' lang='lat' dir='ltr'><em>ut</em></span> <span class='ocrx_word' id='word_1_59' title='bbox 1130 1007 1225 1080; x_wconf 82' lang='lat' dir='ltr'><em>milti</em></span> 
     </span>
     <span class='ocr_line' id='line_1_10' title="bbox 280 1103 1224 1202; baseline 0.006 -32"><span class='ocrx_word' id='word_1_60' title='bbox 280 1125 356 1171; x_wconf 82' lang='lat' dir='ltr'><em>non</em></span> <span class='ocrx_word' id='word_1_61' title='bbox 382 1119 512 1202; x_wconf 79' lang='lat' dir='ltr'><em>erepta</em></span> <span class='ocrx_word' id='word_1_62' title='bbox 537 1103 585 1173; x_wconf 92' lang='lat' dir='ltr'><em>L.</em></span> <span class='ocrx_word' id='word_1_63' title='bbox 620 1104 753 1176; x_wconf 80' lang='lat' dir='ltr'><em>Crasso</em></span> <span class='ocrx_word' id='word_1_64' title='bbox 780 1105 806 1175; x_wconf 86' lang='grc' dir='ltr'><em>ὰ</em></span> <span class='ocrx_word' id='word_1_65' title='bbox 830 1105 924 1178; x_wconf 90' lang='lat' dir='ltr'><em>Diis</em></span> <span class='ocrx_word' id='word_1_66' title='bbox 950 1105 1224 1176; x_wconf 83' lang='lat' dir='ltr'><em>immortalibus</em></span> 
     </span>
     <span class='ocr_line' id='line_1_11' title="bbox 274 1198 1222 1289; baseline 0.003 -21"><span class='ocrx_word' id='word_1_67' title='bbox 274 1201 365 1289; x_wconf 77' lang='lat' dir='ltr'><em>¹vitu</em></span> <span class='ocrx_word' id='word_1_68' title='bbox 375 1251 390 1286; x_wconf 78' lang='lat'><em>,</em></span> <span class='ocrx_word' id='word_1_69' title='bbox 416 1198 491 1270; x_wconf 88' lang='lat' dir='ltr'><em>sed</em></span> <span class='ocrx_word' id='word_1_70' title='bbox 518 1199 786 1286; x_wconf 82' lang='lat' dir='ltr'><em>donata,rnors</em></span> <span class='ocrx_word' id='word_1_71' title='bbox 813 1227 896 1276; x_wconf 82' lang='lat' dir='ltr'><em>esse</em></span> <span class='ocrx_word' id='word_1_72' title='bbox 919 1200 1109 1282; x_wconf 77' lang='lat' dir='ltr'><em>videatur.</em></span> <span class='ocrx_word' id='word_1_73' title='bbox 1134 1203 1222 1273; x_wconf 87' lang='lat' dir='ltr'><em>Non</em></span> 
     </span>
     <span class='ocr_line' id='line_1_12' title="bbox 272 1294 1222 1396; baseline 0.004 -30"><span class='ocrx_word' id='word_1_74' title='bbox 272 1295 384 1366; x_wconf 82' lang='lat' dir='ltr'><em>&#39;vidit</em></span> <span class='ocrx_word' id='word_1_75' title='bbox 389 1294 614 1396; x_wconf 66' lang='lat' dir='ltr'><em>flagrantem</em></span> <span class='ocrx_word' id='word_1_76' title='bbox 629 1296 923 1384; x_wconf 65' lang='lat' dir='ltr'><em>edulcatam,</em></span> <span class='ocrx_word' id='word_1_77' title='bbox 941 1325 1014 1370; x_wconf 84' lang='lat' dir='ltr'><em>non</em></span> <span class='ocrx_word' id='word_1_78' title='bbox 1027 1298 1222 1370; x_wconf 79' lang='lat' dir='ltr'><em>ardentem</em></span> 
     </span>
     <span class='ocr_line' id='line_1_13' title="bbox 282 1380 1222 1494; baseline 0.007 -33"><span class='ocrx_word' id='word_1_79' title='bbox 282 1380 430 1482; x_wconf 79' lang='lat' dir='ltr'><em>invidid</em></span> <span class='ocrx_word' id='word_1_80' title='bbox 454 1395 659 1480; x_wconf 84' lang='lat' dir='ltr'><em>Senatum,</em></span> <span class='ocrx_word' id='word_1_81' title='bbox 681 1421 754 1466; x_wconf 88' lang='lat' dir='ltr'><em>non</em></span> <span class='ocrx_word' id='word_1_82' title='bbox 782 1394 938 1466; x_wconf 82' lang='lat' dir='ltr'><em>sceleris</em></span> <span class='ocrx_word' id='word_1_83' title='bbox 960 1395 1099 1494; x_wconf 79' lang='lat' dir='ltr'><em>nefitrii</em></span> <span class='ocrx_word' id='word_1_84' title='bbox 1115 1400 1222 1494; x_wconf 83' lang='lat' dir='ltr'><em>prin-</em></span> 
     </span>
     <span class='ocr_line' id='line_1_14' title="bbox 280 1488 1222 1590; baseline 0.006 -32"><span class='ocrx_word' id='word_1_85' title='bbox 280 1493 388 1588; x_wconf 82' lang='lat' dir='ltr'><em>cipes</em></span> <span class='ocrx_word' id='word_1_86' title='bbox 418 1493 581 1562; x_wconf 78' lang='lat' dir='ltr'><em>civitatis</em></span> <span class='ocrx_word' id='word_1_87' title='bbox 607 1515 716 1578; x_wconf 85' lang='lat' dir='ltr'><em>reos,</em></span> <span class='ocrx_word' id='word_1_88' title='bbox 747 1517 820 1566; x_wconf 84' lang='lat' dir='ltr'><em>non</em></span> <span class='ocrx_word' id='word_1_89' title='bbox 847 1488 986 1564; x_wconf 85' lang='lat' dir='ltr'><em>luctum</em></span> <span class='ocrx_word' id='word_1_90' title='bbox 994 1489 1097 1590; x_wconf 83' lang='lat' dir='ltr'><em>filioe</em></span> <span class='ocrx_word' id='word_1_91' title='bbox 1107 1544 1122 1578; x_wconf 85' lang='lat'><em>,</em></span> <span class='ocrx_word' id='word_1_92' title='bbox 1146 1519 1222 1564; x_wconf 84' lang='lat' dir='ltr'><em>non</em></span> 
     </span>
     <span class='ocr_line' id='line_1_15' title="bbox 280 1585 1225 1686; baseline 0.006 -31"><span class='ocrx_word' id='word_1_93' title='bbox 280 1585 463 1658; x_wconf 76' lang='lat' dir='ltr'><em>exsilium</em></span> <span class='ocrx_word' id='word_1_94' title='bbox 486 1593 644 1686; x_wconf 84' lang='lat' dir='ltr'><em>generi,</em></span> <span class='ocrx_word' id='word_1_95' title='bbox 661 1615 734 1662; x_wconf 89' lang='lat' dir='ltr'><em>non</em></span> <span class='ocrx_word' id='word_1_96' title='bbox 745 1588 1027 1661; x_wconf 84' lang='lat' dir='ltr'><em>acerbissimam</em></span> <span class='ocrx_word' id='word_1_97' title='bbox 1044 1591 1078 1660; x_wconf 90' lang='lat' dir='ltr'><em>C</em></span> <span class='ocrx_word' id='word_1_98' title='bbox 1077 1642 1085 1659; x_wconf 91' lang='lat'><strong>.</strong></span> <span class='ocrx_word' id='word_1_99' title='bbox 1098 1589 1225 1661; x_wconf 83' lang='lat' dir='ltr'><em>Marii</em></span> 
     </span>
     <span class='ocr_line' id='line_1_16' title="bbox 270 1683 1221 1790; baseline 0.005 -38"><span class='ocrx_word' id='word_1_100' title='bbox 270 1683 411 1780; x_wconf 77' lang='lat' dir='ltr'><em>fagum</em></span> <span class='ocrx_word' id='word_1_101' title='bbox 420 1735 436 1769; x_wconf 89' lang='lat'><em>,</em></span> <span class='ocrx_word' id='word_1_102' title='bbox 448 1711 522 1756; x_wconf 88' lang='lat' dir='ltr'><em>non</em></span> <span class='ocrx_word' id='word_1_103' title='bbox 535 1684 643 1778; x_wconf 78' lang='lat' dir='ltr'><em>illurn</em></span> <span class='ocrx_word' id='word_1_104' title='bbox 656 1738 668 1774; x_wconf 89' lang='lat'><strong><em>‚</em></strong></span> <span class='ocrx_word' id='word_1_105' title='bbox 681 1705 776 1790; x_wconf 82' lang='lat' dir='ltr'><em>post</em></span> <span class='ocrx_word' id='word_1_106' title='bbox 785 1685 946 1758; x_wconf 77' lang='lat' dir='ltr'><em>reditum</em></span> <span class='ocrx_word' id='word_1_107' title='bbox 957 1688 1044 1784; x_wconf 81' lang='lat' dir='ltr'><em>ejus</em></span> <span class='ocrx_word' id='word_1_108' title='bbox 1048 1737 1064 1770; x_wconf 88' lang='lat'><em>,</em></span> <span class='ocrx_word' id='word_1_109' title='bbox 1078 1685 1221 1757; x_wconf 71' lang='lat' dir='ltr'><em>caedem</em></span> 
     </span>
     <span class='ocr_line' id='line_1_17' title="bbox 278 1781 1222 1882; baseline 0.004 -32"><span class='ocrx_word' id='word_1_110' title='bbox 278 1783 442 1850; x_wconf 88' lang='lat' dir='ltr'><em>omniurn</em></span> <span class='ocrx_word' id='word_1_111' title='bbox 459 1781 758 1853; x_wconf 79' lang='lat' dir='ltr'><em>crudelissimam</em></span> <span class='ocrx_word' id='word_1_112' title='bbox 765 1834 780 1868; x_wconf 91' lang='lat'><em>,</em></span> <span class='ocrx_word' id='word_1_113' title='bbox 797 1809 870 1856; x_wconf 87' lang='lat' dir='ltr'><em>non</em></span> <span class='ocrx_word' id='word_1_114' title='bbox 888 1783 1055 1882; x_wconf 85' lang='lat' dir='ltr'><em>denique</em></span> <span class='ocrx_word' id='word_1_115' title='bbox 1069 1786 1109 1853; x_wconf 89' lang='lat' dir='ltr'><em>iu</em></span> <span class='ocrx_word' id='word_1_116' title='bbox 1120 1787 1222 1854; x_wconf 83' lang='lat' dir='ltr'><em>omni</em></span> 
     </span>
     <span class='ocr_line' id='line_1_18' title="bbox 274 1876 1223 1980; baseline 0.004 -34"><span class='ocrx_word' id='word_1_117' title='bbox 274 1901 416 1974; x_wconf 81' lang='lat' dir='ltr'><em>genere</em></span> <span class='ocrx_word' id='word_1_118' title='bbox 448 1876 696 1975; x_wconf 63' lang='lat' dir='ltr'><em>dffrrmutam</em></span> <span class='ocrx_word' id='word_1_119' title='bbox 720 1905 806 1950; x_wconf 85' lang='lat' dir='ltr'><em>eam</em></span> <span class='ocrx_word' id='word_1_120' title='bbox 839 1882 1026 1954; x_wconf 81' lang='lat' dir='ltr'><em>civitatem</em></span> <span class='ocrx_word' id='word_1_121' title='bbox 1037 1931 1052 1965; x_wconf 89' lang='lat'><em>,</em></span> <span class='ocrx_word' id='word_1_122' title='bbox 1073 1883 1112 1950; x_wconf 87' lang='lat' dir='ltr'><em>in</em></span> <span class='ocrx_word' id='word_1_123' title='bbox 1142 1881 1223 1980; x_wconf 83' lang='lat' dir='ltr'><em>qud</em></span> 
     </span>
     <span class='ocr_line' id='line_1_19' title="bbox 276 1974 1222 2076; baseline 0.006 -33"><span class='ocrx_word' id='word_1_124' title='bbox 276 1977 361 2072; x_wconf 64' lang='lat' dir='ltr'><em>ipse</em></span> <span class='ocrx_word' id='word_1_125' title='bbox 377 1974 656 2074; x_wconf 79' lang='lat' dir='ltr'><em>fhrentissirnd</em></span> <span class='ocrx_word' id='word_1_126' title='bbox 693 1975 850 2051; x_wconf 70' lang='lat' dir='ltr'><em>nulum</em></span> <span class='ocrx_word' id='word_1_127' title='bbox 889 1977 1059 2052; x_wconf 82' lang='lat' dir='ltr'><em>omnihus</em></span> <span class='ocrx_word' id='word_1_128' title='bbox 1091 1975 1222 2076; x_wconf 70' lang='lat' dir='ltr'><em>glorid</em></span> 
     </span>
     <span class='ocr_line' id='line_1_20' title="bbox 270 2076 1279 2170; baseline 0.006 -30"><span class='ocrx_word' id='word_1_129' title='bbox 270 2076 512 2170; x_wconf 81' lang='lat' dir='ltr'><em>perstitisset.</em></span> <span class='ocrx_word' id='word_1_130' title='bbox 615 2113 619 2124; x_wconf 93' lang='lat'>·</span> <span class='ocrx_word' id='word_1_131' title='bbox 1246 2100 1279 2146; x_wconf 53' lang='grc' dir='ltr'><em>κ</em></span> 
     </span>
    </p>

    <p class='ocr_par' dir='ltr' id='par_1_4' title="bbox 177 2169 1296 3542">
     <span class='ocr_line' id='line_1_21' title="bbox 325 2169 1218 2282; baseline 0.009 -45"><span class='ocrx_word' id='word_1_132' title='bbox 325 2169 490 2282; x_wconf 69' lang='lat' dir='ltr'><em>Itempro</em></span> <span class='ocrx_word' id='word_1_133' title='bbox 504 2173 668 2253; x_wconf 75' lang='lat' dir='ltr'><em>Muraent</em></span> <span class='ocrx_word' id='word_1_134' title='bbox 681 2199 718 2244; x_wconf 89' lang='lat' dir='ltr'><em>n.</em></span> <span class='ocrx_word' id='word_1_135' title='bbox 734 2173 792 2246; x_wconf 87' lang='lat'><em>65.</em></span> <span class='ocrx_word' id='word_1_136' title='bbox 809 2173 872 2246; x_wconf 87' lang='lat' dir='ltr'><em>ubi</em></span> <span class='ocrx_word' id='word_1_137' title='bbox 883 2171 1025 2244; x_wconf 77' lang='lat' dir='ltr'><em>Catonis</em></span> <span class='ocrx_word' id='word_1_138' title='bbox 1044 2171 1167 2272; x_wconf 74' lang='lat' dir='ltr'><em>Stoici²</em></span> <span class='ocrx_word' id='word_1_139' title='bbox 1182 2188 1218 2245; x_wconf 85' lang='lat' dir='ltr'><em>et</em></span> 
     </span>
     <span class='ocr_line' id='line_1_22' title="bbox 276 2261 1212 2370; baseline 0.004 -34"><span class='ocrx_word' id='word_1_140' title='bbox 276 2261 455 2358; x_wconf 67' lang='lat' dir='ltr'><em>Ciceroms</em></span> <span class='ocrx_word' id='word_1_141' title='bbox 460 2269 663 2362; x_wconf 73' lang='lat' dir='ltr'><em>Academici</em></span> <span class='ocrx_word' id='word_1_142' title='bbox 676 2271 866 2360; x_wconf 72' lang='lat' dir='ltr'><em>sententias</em></span> <span class='ocrx_word' id='word_1_143' title='bbox 874 2270 1045 2370; x_wconf 69' lang='lat' dir='ltr'><em>privative</em></span> <span class='ocrx_word' id='word_1_144' title='bbox 1058 2299 1102 2369; x_wconf 87' lang='lat' dir='ltr'><em>op</em></span> <span class='ocrx_word' id='word_1_145' title='bbox 1148 2270 1212 2340; x_wconf 73' lang='lat' dir='ltr'><em>nit.</em></span> 
     </span>
     <span class='ocr_line' id='line_1_23' title="bbox 264 2363 1214 2458; baseline 0.007 -27"><span class='ocrx_word' id='word_1_146' title='bbox 264 2373 271 2384; x_wconf 94' lang='lat'>&#39;</span> <span class='ocrx_word' id='word_1_147' title='bbox 324 2363 375 2432; x_wconf 63' lang='grc' dir='ltr'><em>Εἴ</em></span> <span class='ocrx_word' id='word_1_148' title='bbox 384 2363 472 2435; x_wconf 83' lang='lat' dir='ltr'><em>libro</em></span> <span class='ocrx_word' id='word_1_149' title='bbox 492 2392 524 2436; x_wconf 86' lang='lat'><em>1.</em></span> <span class='ocrx_word' id='word_1_150' title='bbox 543 2365 689 2438; x_wconf 87' lang='lat' dir='ltr'><em>Tuscul.</em></span> <span class='ocrx_word' id='word_1_151' title='bbox 709 2369 954 2458; x_wconf 70' lang='lat' dir='ltr'><em>Quaestionum</em></span> <span class='ocrx_word' id='word_1_152' title='bbox 964 2395 1001 2438; x_wconf 90' lang='lat' dir='ltr'><em>n.</em></span> <span class='ocrx_word' id='word_1_153' title='bbox 1020 2395 1075 2439; x_wconf 88' lang='lat'><em>12.</em></span> <span class='ocrx_word' id='word_1_154' title='bbox 1123 2368 1214 2438; x_wconf 87' lang='lat' dir='ltr'><em>icero</em></span> 
     </span>
     <span class='ocr_line' id='line_1_24' title="bbox 177 2457 1296 2563; baseline 0.002 -30"><span class='ocrx_word' id='word_1_155' title='bbox 177 2526 182 2533; x_wconf 81' lang='grc'>.</span> <span class='ocrx_word' id='word_1_156' title='bbox 273 2457 437 2531; x_wconf 68' lang='lat' dir='ltr'><em>Atticum</em></span> <span class='ocrx_word' id='word_1_157' title='bbox 454 2462 597 2560; x_wconf 84' lang='lat' dir='ltr'><em>Epicuri</em></span> <span class='ocrx_word' id='word_1_158' title='bbox 609 2463 820 2563; x_wconf 79' lang='lat' dir='ltr'><em>discipulum</em></span> <span class='ocrx_word' id='word_1_159' title='bbox 832 2463 933 2536; x_wconf 83' lang='lat' dir='ltr'><em>fateri</em></span> <span class='ocrx_word' id='word_1_160' title='bbox 947 2465 1055 2561; x_wconf 83' lang='lat' dir='ltr'><em>cogit,</em></span> <span class='ocrx_word' id='word_1_161' title='bbox 1069 2464 1212 2534; x_wconf 87' lang='lat' dir='ltr'><em>miseros</em></span> <span class='ocrx_word' id='word_1_162' title='bbox 1289 2539 1296 2546; x_wconf 71' lang='grc'><em>,</em></span> 
     </span>
     <span class='ocr_line' id='line_1_25' title="bbox 262 2560 1211 2650; baseline 0.006 -25"><span class='ocrx_word' id='word_1_163' title='bbox 262 2573 427 2628; x_wconf 73' lang='lat' dir='ltr'><em>mortuos</em></span> <span class='ocrx_word' id='word_1_164' title='bbox 445 2585 516 2629; x_wconf 87' lang='lat' dir='ltr'><em>non</em></span> <span class='ocrx_word' id='word_1_165' title='bbox 542 2586 642 2650; x_wconf 84' lang='lat' dir='ltr'><em>esse,</em></span> <span class='ocrx_word' id='word_1_166' title='bbox 665 2563 694 2632; x_wconf 90' lang='lat' dir='ltr'><em>si</em></span> <span class='ocrx_word' id='word_1_167' title='bbox 716 2563 858 2632; x_wconf 61' lang='lat' dir='ltr'><em>omnini</em></span> <span class='ocrx_word' id='word_1_168' title='bbox 884 2561 971 2631; x_wconf 82' lang='lat' dir='ltr'><em>nulii</em></span> <span class='ocrx_word' id='word_1_169' title='bbox 988 2561 1078 2648; x_wconf 84' lang='lat' dir='ltr'><em>sint,</em></span> <span class='ocrx_word' id='word_1_170' title='bbox 1102 2575 1143 2629; x_wconf 86' lang='lat' dir='ltr'><em>ut</em></span> <span class='ocrx_word' id='word_1_171' title='bbox 1160 2560 1211 2632; x_wconf 85' lang='lat' dir='ltr'><em>illi</em></span> 
     </span>
     <span class='ocr_line' id='line_1_26' title="bbox 266 2653 1230 2743; baseline 0.007 -22"><span class='ocrx_word' id='word_1_172' title='bbox 266 2653 474 2725; x_wconf 75' lang='lat' dir='ltr'><em>credebant.</em></span> <span class='ocrx_word' id='word_1_173' title='bbox 498 2659 585 2727; x_wconf 87' lang='lat' dir='ltr'><em>Jam</em></span> <span class='ocrx_word' id='word_1_174' title='bbox 606 2655 760 2731; x_wconf 85' lang='lat' dir='ltr'><em>mallem</em></span> <span class='ocrx_word' id='word_1_175' title='bbox 783 2659 981 2730; x_wconf 83' lang='lat' dir='ltr'><em>Cerberum</em></span> <span class='ocrx_word' id='word_1_176' title='bbox 1001 2673 1209 2743; x_wconf 86' lang='lat' dir='ltr'><em>metueres,</em></span> <span class='ocrx_word' id='word_1_177' title='bbox 1227 2687 1230 2702; x_wconf 72' lang='lat'><em>¹</em></span> 
     </span>
     <span class='ocr_line' id='line_1_27' title="bbox 271 2751 1221 2855; baseline 0.008 -37"><span class='ocrx_word' id='word_1_178' title='bbox 271 2751 385 2848; x_wconf 67' lang='lat' dir='ltr'><em>quem</em></span> <span class='ocrx_word' id='word_1_179' title='bbox 400 2753 475 2824; x_wconf 83' lang='lat' dir='ltr'><em>&#39;ista</em></span> <span class='ocrx_word' id='word_1_180' title='bbox 494 2771 571 2824; x_wconf 85' lang='lat' dir='ltr'><em>tarn</em></span> <span class='ocrx_word' id='word_1_181' title='bbox 581 2755 857 2828; x_wconf 71' lang='lat' dir='ltr'><em>inconsiderate</em></span> <span class='ocrx_word' id='word_1_182' title='bbox 870 2755 1030 2826; x_wconf 83' lang='lat' dir='ltr'><em>diceres.</em></span> <span class='ocrx_word' id='word_1_183' title='bbox 1047 2756 1128 2826; x_wconf 65' lang='lat' dir='ltr'><em>Att.</em></span> <span class='ocrx_word' id='word_1_184' title='bbox 1144 2757 1221 2855; x_wconf 77' lang='lat' dir='ltr'><em>qui</em></span> 
     </span>
     <span class='ocr_line' id='line_1_28' title="bbox 270 2838 1211 2951; baseline 0.007 -34"><span class='ocrx_word' id='word_1_185' title='bbox 270 2845 425 2918; x_wconf 81' lang='lat' dir='ltr'><em>tandem</em></span> <span class='ocrx_word' id='word_1_186' title='bbox 438 2851 529 2920; x_wconf 80' lang='lat' dir='ltr'><em>,²M.</em></span> <span class='ocrx_word' id='word_1_187' title='bbox 552 2838 675 2946; x_wconf 83' lang='lat' dir='ltr'><em>Quem</em></span> <span class='ocrx_word' id='word_1_188' title='bbox 687 2877 771 2924; x_wconf 89' lang='lat' dir='ltr'><em>esse</em></span> <span class='ocrx_word' id='word_1_189' title='bbox 789 2877 931 2951; x_wconf 74' lang='lat' dir='ltr'><em>negas,</em></span> <span class='ocrx_word' id='word_1_190' title='bbox 951 2852 1112 2924; x_wconf 84' lang='lat' dir='ltr'><em>eundern</em></span> <span class='ocrx_word' id='word_1_191' title='bbox 1126 2878 1211 2924; x_wconf 83' lang='lat' dir='ltr'><em>esse</em></span> 
     </span>
     <span class='ocr_line' id='line_1_29' title="bbox 258 2943 1212 3042; baseline 0.005 -28"><span class='ocrx_word' id='word_1_192' title='bbox 258 2943 398 3042; x_wconf 21' lang='lat' dir='ltr'><em>udicis?</em></span> <span class='ocrx_word' id='word_1_193' title='bbox 412 2945 479 3017; x_wconf 87' lang='lat' dir='ltr'><em>ubi</em></span> <span class='ocrx_word' id='word_1_194' title='bbox 494 2966 555 3019; x_wconf 90' lang='lat' dir='ltr'><em>est</em></span> <span class='ocrx_word' id='word_1_195' title='bbox 563 2976 722 3022; x_wconf 84' lang='lat' dir='ltr'><em>acumen</em></span> <span class='ocrx_word' id='word_1_196' title='bbox 736 2967 840 3022; x_wconf 91' lang='lat' dir='ltr'><em>tuum</em></span> <span class='ocrx_word' id='word_1_197' title='bbox 850 2951 868 3019; x_wconf 78' lang='lat'><em>‚2</em></span> <span class='ocrx_word' id='word_1_198' title='bbox 880 2949 975 3024; x_wconf 74' lang='lat' dir='ltr'><em>Cum</em></span> <span class='ocrx_word' id='word_1_199' title='bbox 983 2954 1083 3020; x_wconf 87' lang='lat' dir='ltr'><em>enim</em></span> <span class='ocrx_word' id='word_1_200' title='bbox 1098 2953 1212 3021; x_wconf 61' lang='lat' dir='ltr'><em>mise»</em></span> 
     </span>
     <span class='ocr_line' id='line_1_30' title="bbox 268 3045 1213 3148; baseline 0.007 -37"><span class='ocrx_word' id='word_1_201' title='bbox 268 3063 350 3112; x_wconf 79' lang='lat' dir='ltr'><em>rum</em></span> <span class='ocrx_word' id='word_1_202' title='bbox 374 3067 457 3115; x_wconf 90' lang='lat' dir='ltr'><em>esse</em></span> <span class='ocrx_word' id='word_1_203' title='bbox 475 3045 574 3120; x_wconf 81' lang='lat' dir='ltr'><em>dicis</em></span> <span class='ocrx_word' id='word_1_204' title='bbox 582 3097 596 3131; x_wconf 92' lang='lat'><em>,</em></span> <span class='ocrx_word' id='word_1_205' title='bbox 620 3065 697 3119; x_wconf 89' lang='lat' dir='ltr'><em>tum</em></span> <span class='ocrx_word' id='word_1_206' title='bbox 717 3073 825 3131; x_wconf 87' lang='lat' dir='ltr'><em>eum,</em></span> <span class='ocrx_word' id='word_1_207' title='bbox 851 3049 1009 3148; x_wconf 81' lang='lat' dir='ltr'><em>quinon</em></span> <span class='ocrx_word' id='word_1_208' title='bbox 1033 3050 1101 3138; x_wconf 84' lang='lat' dir='ltr'><em>sit,</em></span> <span class='ocrx_word' id='word_1_209' title='bbox 1127 3073 1213 3118; x_wconf 86' lang='lat' dir='ltr'><em>esse</em></span> 
     </span>
     <span class='ocr_line' id='line_1_31' title="bbox 263 3137 1207 3245; baseline 0.006 -37"><span class='ocrx_word' id='word_1_210' title='bbox 263 3137 368 3212; x_wconf 85' lang='lat' dir='ltr'><em>&#39;dicis</em></span> <span class='ocrx_word' id='word_1_211' title='bbox 372 3193 445 3213; x_wconf 90' lang='grc'><strong>.....</strong></span> <span class='ocrx_word' id='word_1_212' title='bbox 456 3145 537 3214; x_wconf 82' lang='lat' dir='ltr'><em>Au.</em></span> <span class='ocrx_word' id='word_1_213' title='bbox 557 3147 664 3244; x_wconf 81' lang='lat' dir='ltr'><em>Age,</em></span> <span class='ocrx_word' id='word_1_214' title='bbox 678 3147 765 3245; x_wconf 87' lang='lat' dir='ltr'><em>jam</em></span> <span class='ocrx_word' id='word_1_215' title='bbox 778 3143 943 3216; x_wconf 71' lang='lat' dir='ltr'><em>concedo</em></span> <span class='ocrx_word' id='word_1_216' title='bbox 957 3171 1030 3216; x_wconf 82' lang='lat' dir='ltr'><em>non</em></span> <span class='ocrx_word' id='word_1_217' title='bbox 1042 3169 1125 3216; x_wconf 85' lang='lat' dir='ltr'><em>esse</em></span> <span class='ocrx_word' id='word_1_218' title='bbox 1136 3147 1207 3214; x_wconf 62' lang='lat' dir='ltr'><em>mi*-</em></span> 
     </span>
     <span class='ocr_line' id='line_1_32' title="bbox 262 3242 1209 3342; baseline 0.008 -38"><span class='ocrx_word' id='word_1_219' title='bbox 262 3251 369 3308; x_wconf 85' lang='lat' dir='ltr'><em>&#39;sems</em></span> <span class='ocrx_word' id='word_1_220' title='bbox 387 3244 454 3338; x_wconf 82' lang='lat' dir='ltr'><em>qui</em></span> <span class='ocrx_word' id='word_1_221' title='bbox 477 3245 612 3318; x_wconf 86' lang='lat' dir='ltr'><em>mortui</em></span> <span class='ocrx_word' id='word_1_222' title='bbox 631 3261 719 3339; x_wconf 89' lang='lat' dir='ltr'><em>sunt</em></span> <span class='ocrx_word' id='word_1_223' title='bbox 727 3291 741 3328; x_wconf 90' lang='lat'><em>,</em></span> <span class='ocrx_word' id='word_1_224' title='bbox 762 3247 940 3342; x_wconf 84' lang='lat' dir='ltr'><em>quoniam</em></span> <span class='ocrx_word' id='word_1_225' title='bbox 956 3242 1152 3314; x_wconf 73' lang='lat' dir='ltr'><em>extorsisti</em></span> <span class='ocrx_word' id='word_1_226' title='bbox 1163 3258 1209 3312; x_wconf 84' lang='lat' dir='ltr'><em>ut</em></span> 
     </span>
     <span class='ocr_line' id='line_1_33' title="bbox 251 3331 1204 3436; baseline 0.012 -35"><span class='ocrx_word' id='word_1_227' title='bbox 251 3331 410 3432; x_wconf 80' lang='lat' dir='ltr'><em>faterer</em></span> <span class='ocrx_word' id='word_1_228' title='bbox 414 3387 429 3420; x_wconf 85' lang='lat'><em>,</em></span> <span class='ocrx_word' id='word_1_229' title='bbox 449 3343 515 3436; x_wconf 83' lang='lat' dir='ltr'><em>qui</em></span> <span class='ocrx_word' id='word_1_230' title='bbox 534 3339 680 3410; x_wconf 64' lang='lat' dir='ltr'><em>omnin&amp;</em></span> <span class='ocrx_word' id='word_1_231' title='bbox 699 3367 772 3412; x_wconf 84' lang='lat' dir='ltr'><em>non</em></span> <span class='ocrx_word' id='word_1_232' title='bbox 791 3359 1016 3430; x_wconf 78' lang='lat' dir='ltr'><em>essent,eos</em></span> <span class='ocrx_word' id='word_1_233' title='bbox 1029 3363 1078 3412; x_wconf 75' lang='lat' dir='ltr'><em>ue</em></span> <span class='ocrx_word' id='word_1_234' title='bbox 1089 3339 1204 3412; x_wconf 75' lang='lat' dir='ltr'><em>mise-</em></span> 
     </span>
     <span class='ocr_line' id='line_1_34' title="bbox 257 3431 740 3542; baseline 0.023 -40"><span class='ocrx_word' id='word_1_235' title='bbox 257 3453 324 3502; x_wconf 87' lang='lat' dir='ltr'><em>·ros</em></span> <span class='ocrx_word' id='word_1_236' title='bbox 340 3431 493 3540; x_wconf 81' lang='lat' dir='ltr'><em>quidem</em></span> <span class='ocrx_word' id='word_1_237' title='bbox 508 3461 592 3508; x_wconf 86' lang='lat' dir='ltr'><em>esse</em></span> <span class='ocrx_word' id='word_1_238' title='bbox 605 3463 740 3542; x_wconf 76' lang='lat' dir='ltr'><em>posse.</em></span> 
     </span>
    </p>
   </div>
   <div class='ocr_carea' id='block_1_3' title="bbox 0 0 1360 4418">
    <p class='ocr_par' dir='ltr' id='par_1_5' title="bbox 0 0 1360 4418">
     <span class='ocr_line' id='line_1_35' title="bbox 0 0 1360 4418; baseline 0 5"><span class='ocrx_word' id='word_1_239' title='bbox 0 0 1360 4418; x_wconf 95' lang='lat' dir='ltr'><em> </em></span> 
     </span>
    </p>
   </div>
  </div>
 </body>
</html>
