2760 4416
313 196 386 294 498
571 215 990 266 nnnronren

312 318 401 430 quis.
412 313 557 388 audeat!
581 313 674 406 Quis
684 303 829 386 insitam
840 331 1032 460 parentum
1048 313 1174 389 animis
1187 341 1255 420 ¹ca·

225 473 232 482 .
313 430 455 488 ntatem
478 411 654 484 desideret
670 411 709 484 in
755 429 853 484 atre.

360 510 511 584 Utinam
528 509 707 582 enimverb
722 439 958 582 alescendisset
981 507 1052 582 huc
1072 527 1254 583 accusator

312 607 457 708 aliquis,
477 623 513 680 et
528 607 741 680 reverendus
756 609 871 680 minbs
886 607 1050 680 erminus
1066 625 1161 679 arcto
1172 637 1255 681 san-

360 705 427 776 inis
445 703 582 781 vinculo
600 703 699 780 vobis
716 704 940 817 conjunctus,
964 703 1065 805 cujus
1082 706 1252 819 suspicari

337 803 419 874 dem
433 801 558 892 liceat3
585 803 624 874 in
665 830 710 874 uo
727 803 875 874 nocendi
892 803 1051 879 animum
1066 799 1119 874 fas
1133 820 1178 875 sit
1192 830 1252 874 rn-

310 899 449 972 cusare!
473 901 593 991 Quam
603 901 641 971 lu
688 917 767 972 nter
783 899 1011 973 accusationis
1024 900 1099 971 vim
1115 929 1155 972 ac
1171 928 1251 972 mo·

310 1013 471 1070 mentum
493 999 687 1069 accusantis
708 997 991 1088 malevolentiam
1019 998 1249 1070 derivarem!

310 1095 444 1167 Verbm
489 1122 553 1166 uos
577 1111 740 1167 nocentes
762 1091 945 1194 profitetur
962 1095 1043 1165 Rex
1060 1112 1098 1166 et
1119 1099 1250 1194 pater,

308 1193 388 1292 quis
412 1122 553 1264 eoslilem
572 1192 699 1264 liberet
724 1191 918 1290 suspicione
943 1191 1129 1283 criminis3
1167 1195 1251 1294 quis

307 1290 519 1390 patrocinari
541 1289 677 1362 miseris
703 1291 812 1382 velit,
839 1287 969 1390 quibus
990 1289 1128 1368 sublata
1156 1291 1251 1364 ratio

307 1387 564 1460 salutisiomnis
584 1415 624 1460 ac
645 1387 860 1459 conclamata
874 1386 987 1460 videri
1006 1386 1140 1484 possiti
1256 1455 1262 1484 ,

356 1486 496 1558 Tamen
513 1485 735 1565 dissimulare
756 1511 827 1556 non
844 1483 952 1558 velim
962 1535 974 1574 ,
992 1485 1160 1556 carissimi
1178 1485 1202 1558 J
1204 1513 1249 1557 u-

305 1611 438 1676 venes,
462 1584 557 1684 quod
573 1583 690 1675 sensi,
709 1584 795 1654 dum
809 1607 910 1653 suam
924 1598 1074 1680 uterque
1090 1585 1264 1676 vestrum,

305 1707 449 1754 causam
465 1697 585 1781 ageret
599 1711 610 1774 3
635 1707 753 1794 neque
776 1676 991 1770 ostendente,
1014 1679 1070 1750 uti
1085 1679 1246 1772 conlido,

221 1803 223 1808 ’
304 1777 361 1848 vel
372 1777 715 1890 regis,vel“parent1s
725 1777 925 1868 animus,si
933 1771 1098 1875 profitear
1106 1777 1245 1876 polim,

302 1875 401 1974 qubd
415 1901 491 1988 ipse
508 1875 620 1946 iratus
640 1875 723 1949 licet
742 1885 783 1945 'et
801 1873 1011 1972 implacatus
1030 1873 1123 1943 ultor
1148 1875 1249 1947 visus

302 1987 357 2042 est
365 1989 498 2072 pantes
504 1973 709 2070 persentire.
721 1968 1006 2042 Placuitinvobis
1015 1969 1135 2042 nativa
1147 1997 1250 2071 quoe·

300 2069 386 2138 dam
402 2094 598 2168 expersque
618 2063 689 2136 fuci
703 2063 931 2162 simplicitas,
956 2082 994 2136 et
1012 2064 1191 2164 ingenuus
1206 2069 1248 2144 in

298 2161 447 2235 dicendo
465 2164 626 2254 candor,
653 2162 717 2262 qui
740 2159 874 2232 fraudis
896 2161 1000 2233 malae
1020 2178 1145 2259 partus
1166 2191 1246 2238 esse

298 2285 370 2334 non
436 2276 516 2332 test.
540 2259 706 2357 Spirabat
722 2259 846 2329 Oratio
863 2275 982 2330 vestra
999 2259 1116 2332 nescio
1133 2263 1242 2362 quid,

297 2385 350 2458 qu
418 2358 568 2428 latentes
588 2355 742 2427 abstrusi
767 2355 880 2427 cordis
895 2354 992 2427 sinus
1012 2358 1209 2432 recluderet
1226 2389 1240 2432 a

297 2453 718 2530 eratmorlesmsinvultn
726 2453 861 2552 pudor,
901 2455 1244 2530 uemconsciamens

297 2477 1244 2650 nonadmittatinsocietatem.Viiprofluentesuber·

296 2650 364 2720 tim
381 2649 555 2749 lacrymas
571 2701 583 2740 ,
612 2675 702 2749 quas
719 2675 817 2720 amor
833 2647 1013 2738 eliciebat,
1029 2675 1102 2720 non
1117 2663 1241 2724 extor-

215 2773 221 2784 ·
295 2745 432 2846 quebat
448 2763 578 2818 metus.
596 2746 743 2818 Interim
755 2745 910 2817 mirabar
924 2771 988 2845 ego
1004 2746 1151 2840 tacitus,
1165 2776 1242 2850 quo

294 2860 398 2956 pacto
406 2861 570 2918 nocentes
582 2842 787 2936 essentilli,¹
796 2841 931 2943 quitoti
940 2843 986 2914 ad
998 2841 1237 2922 innocentiam

294 2943 477 3042 compositi
492 2943 710 3015 viderentur.
741 2939 838 3012 Nam
861 2940 928 3012 etsi
999 2960 1141 3015 moneta
1180 2943 1235 3018 le·

293 3065 447 3142 rumque
463 3040 594 3112 incedit
614 3039 845 3138 improbitas,
863 3055 901 3110 et
927 3065 948 3110 a
995 2971 1235 3115 aemutanlam

292 3137 438 3210 virtutis
458 3136 650 3237 imaginem
679 3153 733 3208 est
756 3137 937 3237 ingeniosa
961 3139 1096 3236 magis,
1122 3143 1233 3252 quam

291 3261 359 3333 par
385 3253 502 3328 essst3
535 3250 656 3306 tamen
684 3231 804 3326 lions,
840 3235 957 3326 oculi,
978 3235 1232 3335 supercilium,

291 3331 411 3408 tultus
434 3334 518 3405 deni
542 3357 588 3404 ue
604 3347 698 3404 totus
716 3332 845 3403 mentis
867 3359 981 3405 senno
1002 3333 1147 3432 quidam
1172 3352 1234 3406 ta-

289 3429 381 3502 citus
393 3484 407 3523 ,1
430 3459 470 3503 ac
486 3361 577 3503 filus
594 3433 766 3532 interpres
782 3429 906 3506 baberi
923 3432 1033 3522 solet,
1059 3432 1122 3531 qui
1137 3428 1233 3506 fallit

274 3535 369 3602 ,narb
387 3545 412 3622 ,'
427 3557 494 3602 nec
521 3531 561 3600 in
589 3555 742 3602 errorem
769 3530 916 3602 inducit.
942 3527 1064 3600 Nescit
1090 3525 1233 3618 fallacia

288 3627 448 3700 veritatis
464 3653 648 3727 personam
663 3627 804 3727 longbm
821 3629 931 3718 tueri,
945 3651 982 3696 se
997 3626 1116 3724 prodit
1130 3626 1228 3730 ipsa,

288 3739 326 3796 st
342 3724 400 3798 vel
415 3725 535 3800 invitis
552 3752 592 3798 ac
608 3723 886 3826 repugnantibus
903 3723 1161 3799 obmurmurat.
