2668 4414
290 205 826 256 transmarus.
967 191 1035 280 145

81 309 173 380 meis
194 303 373 396 consiliis,
396 305 483 375 meis
507 303 710 398 laboribus,
734 308 805 378 mei
827 309 948 406 capitis
969 339 1035 423 pe-

81 405 197 478 riculo
208 455 221 496 ‚
250 403 325 473 sine
356 402 617 494 multitudine,
655 406 730 475 sine
765 406 930 497 delectu,
959 436 1034 480 sme

83 503 222 594 annis,
253 501 329 572 sine
348 500 527 591 tumultu,
549 504 576 570 -t
601 503 725 572 vestris
748 504 906 591 omnium
923 507 1034 578 cervi-

83 601 186 672 cibus
208 597 396 699 depulsam
420 595 529 668 fuisse
544 597 633 692 mihi
649 601 851 698 vosmetipsi
869 603 1039 702 gratulati

86 698 184 770 estis.
211 696 282 769 Vel
309 697 386 794 ipsa
412 695 676 795 periculorum,
703 725 783 798 quae
804 696 1032 800 defugimuS‚

84 795 285 870 recordatio
313 821 371 864 me
395 794 493 893 angit
514 791 621 906 atque
636 797 820 868 excruciat
844 800 978 869 'mirum
997 800 1036 870 in

87 895 265 983 modum;
298 891 436 992 quoties
467 909 783 964 reco1tomecum
810 896 937 966 tacitus
957 949 968 988 ,
995 903 1037 968 eo

87 991 289 1093 prorupisse
302 989 537 1102 quorumdam
547 921 730 1061 lominum
744 991 1006 1104 improbitatem
1023 1045 1035 1086 ,

86 1107 131 1160 ut
145 1113 340 1170 maensmni
356 1087 501 1179 urbem,
525 1089 753 1160 internecioni
770 1113 877 1181 cives,
896 1092 1038 1163 Italiam

89 1187 249 1259 vastitati
261 1185 494 1256 destinassent
510 1213 519 1256 ε
537 1190 616 1258 clim
632 1187 725 1257 redit
741 1186 779 1257 in
802 1205 958 1260 mentem
978 1189 1037 1262 vix

4 1313 6 1318 ’
97 1285 203 1355 unius
228 1282 338 1354 noctis
355 1278 508 1381 spatium
531 1280 705 1378 abfuisse,
730 1285 817 1386 quin
839 1285 967 1386 perditi
997 1313 1038 1359 ac

90 1381 253 1453 seelerati
265 1382 356 1452 cives
377 1380 489 1452 vitam
500 1383 684 1473 omnium,
707 1399 839 1452 statum
860 1383 952 1454 orbis
965 1400 1038 1454 ter-

87 1507 246 1570 rarum,
269 1478 397 1550 urbem
419 1476 511 1548 hanc
534 1479 688 1646 den'ppue
706 1484 864 1552 nostrum
882 1481 1042 1563 omnium

90 1579 238 1668 sedem,
263 1603 380 1672 arcem
391 1575 445 1646 Re
496 1604 532 1646 m
548 1599 587 1646 ac
632 1577 799 1664 ationum
815 1583 1037 1671 exterarum,

4 1675 5 1686 *
48 1665 59 1688 '
87 1675 214 1745 lumen
225 1673 422 1764 Gentium,
447 1601 667 1746 ffdmicilium
692 1676 834 1774 Imperii
850 1677 1041 1776 perderent

91 1799 131 1843 ac
151 1771 419 1844 labetactarent.
925 1825 935 1844 .
1005 1777 1011 1786 '

143 1872 193 1940 Et
221 1869 290 1942 erit
314 1869 441 1970 aliquis
465 1885 539 1940 tam
561 1869 724 1942 inimicus
745 1869 827 1942 huic
846 1869 945 1962 urbi,
966 1887 1041 1942 tam

89 1967 271 2040 alienusa
305 1967 419 2038 salute
446 1967 601 2059 civium,
636 1985 710 2040 tam
738 1973 865 2070 parum
891 1965 1039 2068 rupidus
1123 2051 1124 2060 ἵ

94 2066 250 2136 Romani
266 2065 435 2155 nominis,
462 2081 503 2136 ut
524 2093 581 2136 eos
600 2067 754 2138 sublatos
773 2067 816 2138 de
839 2065 955 2138 medio
974 2067 1037 2138 do·
1065 2128 1069 2138 ,

93 2163 190 2254 leat,
215 2163 279 2264 qui
306 2163 375 2235 nisi
398 2165 576 2247 communi
611 2165 769 2235 omnium
793 2163 900 2235 exitio
929 2165 1042 2237 vitam

91 2263 238 2334 trahere
256 2261 404 2332 ulterius
429 2288 499 2344 non
515 2262 733 2360 potuissent?
760 2260 916 2360 Majores
931 2261 1044 2330 nostri

4 2369 6 2416 :
93 2359 297 2432 Gracchum
308 2376 520 2459 utrumque,
538 2359 724 2429 Tiberium
740 2359 971 2448 etCaium‚S
998 2384 1041 2428 u·
1138 2408 1141 2415 ι

5 2509 6 2514 1
93 2460 190 2530 rium
207 2458 385 2548 Melium,
405 2457 637 2528 Saturninum
654 2473 690 2526 et
714 2455 782 2526 alia
809 2454 958 2526 eivitatis
971 2385 1041 2527 iu-

4 2549 5 2560 *
93 2555 350 2654 jusularissima
361 2555 497 2629 lumina
513 2555 640 2624 merita
656 2553 840 2626 mulctatos
852 2568 964 2624 morte
981 2551 1040 2650 ju-

4 2713 5 2716 *
95 2656 284 2744 dicarunt,
303 2653 399 2752 quod
416 2653 558 2727 studere
578 2652 675 2723 novis
696 2650 822 2743 rebus,
842 2667 878 2734 et
894 2651 1043 2724 nimiam

4 2761 6 2834 ᾗ
95 2752 133 2823 in
144 2751 258 2824 libera
270 2751 410 2822 civitate
420 2767 628 2866 potestatem
639 2747 803 2836 'allectam
813 2749 1041 2842 viderentur}

96 2879 160 2923 nos
179 2851 358 2950 patiemur
381 2849 503 2950 imquo
528 2851 645 2920 ammo
677 2847 852 2948 pestiferae
873 2848 1043 2949 conjura·

95 2949 200 3020 tionis
230 2948 337 3020 socios
365 2947 560 3039 interiisse,
584 2948 647 3048 qui
671 2949 800 3046 Remp.
833 2955 944 3019 totam
961 2973 1043 3051 pes·

97 3047 263 3120 sumdare
283 3045 532 3118 moliebantur.

146 3143 296 3217 Atenim
319 3143 444 3235 video,
472 3144 560 3246 quid
578 3141 745 3241 objiciant
765 3139 926 3211 homines
943 3165 1053 3210 man--

94 3244 189 3317 sueti
198 3242 614 3343 planeacmisericordes.
632 3240 836 3338 Dissipatat,
856 3235 1045 3336 inquiunt,

97 3337 365 3440 conjuratione,
394 3339 546 3412 extincto
566 3337 726 3436 ponitus,
748 3334 850 3434 ⁸quod
875 3334 1044 3405 immine

4 3473 5 3540 p
96 3439 186 3530 bat,
213 3439 344 3510 funesti
372 3427 457 3509 b'elti
482 3433 677 3524 incendi0,
710 3432 873 3502 oxulante
907 3433 965 3510 lon
990 3433 1045 3501 its

4 3547 5 3604 ἶ
93 3537 274 3628 Catilina,
297 3536 384 3648 quid
415 3553 491 3607 erat
508 3535 669 3630 deinceps
702 3529 935 3604 metuendum
962 3459 1044 3600 liuic

94 3633 208 3708 urbii
224 3663 287 3706 cur
304 3663 344 3724 m
365 3633 580 3722 clarissimos,
591 3630 694 3704 Cives
712 3645 787 3702 tam
805 3627 1047 3699 inhumaniter

94 3732 360 3808 saevitmnestl
388 3735 480 3828 Quae
509 3749 596 3823 tua,
624 3731 745 3802 Marce
772 3726 896 3818 Tulli,
918 3742 1044 3818 tanta,
1087 3755 1088 3759 ¹

202 3831 309 3906 Tam.
337 3835 372 3905 J.
816 3825 853 3896 K
