<?xml version="1.0" encoding="UTF-8"?>
<!DOCTYPE html PUBLIC "-//W3C//DTD XHTML 1.0 Transitional//EN"
    "http://www.w3.org/TR/xhtml1/DTD/xhtml1-transitional.dtd">
<html xmlns="http://www.w3.org/1999/xhtml" xml:lang="en" lang="en">
 <head>
  <title>
</title>
<meta http-equiv="Content-Type" content="text/html;charset=utf-8" />
  <meta name='ocr-system' content='tesseract 3.04.00' />
  <meta name='ocr-capabilities' content='ocr_page ocr_carea ocr_par ocr_line ocrx_word'/>
</head>
<body>
  <div class='ocr_page' id='page_1' title='image "./bibliothecarhet01jaygoog/bibliothecarhet01jaygoog_0552.png"; bbox 0 0 2760 4416; ppageno 0'>
   <div class='ocr_carea' id='block_1_1' title="bbox 284 185 972 277">
    <p class='ocr_par' dir='ltr' id='par_1_1' title="bbox 284 185 972 277">
     <span class='ocr_line' id='line_1_1' title="bbox 284 185 972 277; baseline 0 -19"><span class='ocrx_word' id='word_1_1' title='bbox 284 185 356 260; x_wconf 49' lang='lat'><strong>&amp;6</strong></span> <span class='ocrx_word' id='word_1_2' title='bbox 549 204 972 277; x_wconf 57' lang='lat' dir='ltr'><strong>nnnronrcn</strong></span> 
     </span>
    </p>
   </div>
   <div class='ocr_carea' id='block_1_2' title="bbox 107 305 1235 1094">
    <p class='ocr_par' dir='ltr' id='par_1_2' title="bbox 107 305 1235 1094">
     <span class='ocr_line' id='line_1_2' title="bbox 282 305 1232 410; baseline 0.002 -30"><span class='ocrx_word' id='word_1_3' title='bbox 282 308 458 410; x_wconf 87' lang='lat' dir='ltr'><strong>periculi,</strong></span> <span class='ocrx_word' id='word_1_4' title='bbox 491 310 586 409; x_wconf 83' lang='lat' dir='ltr'><strong>quod</strong></span> <span class='ocrx_word' id='word_1_5' title='bbox 614 326 732 380; x_wconf 89' lang='lat' dir='ltr'><strong>tecum</strong></span> <span class='ocrx_word' id='word_1_6' title='bbox 757 308 963 395; x_wconf 86' lang='lat' dir='ltr'><strong>adivimus,</strong></span> <span class='ocrx_word' id='word_1_7' title='bbox 993 305 1141 408; x_wconf 85' lang='lat' dir='ltr'><strong>aperire.</strong></span> <span class='ocrx_word' id='word_1_8' title='bbox 1171 311 1232 382; x_wconf 75' lang='lat' dir='ltr'><strong>At</strong></span> 
     </span>
     <span class='ocr_line' id='line_1_3' title="bbox 281 403 1229 508; baseline 0 -30"><span class='ocrx_word' id='word_1_9' title='bbox 281 425 473 508; x_wconf 88' lang='lat' dir='ltr'><strong>utrumque</strong></span> <span class='ocrx_word' id='word_1_10' title='bbox 506 433 550 478; x_wconf 81' lang='lat' dir='ltr'><strong>ex</strong></span> <span class='ocrx_word' id='word_1_11' title='bbox 573 403 707 478; x_wconf 86' lang='lat' dir='ltr'><strong>difficili</strong></span> <span class='ocrx_word' id='word_1_12' title='bbox 740 405 861 480; x_wconf 92' lang='lat' dir='ltr'><strong>morbo</strong></span> <span class='ocrx_word' id='word_1_13' title='bbox 890 423 1066 478; x_wconf 84' lang='lat' dir='ltr'><strong>recreatus</strong></span> <span class='ocrx_word' id='word_1_14' title='bbox 1099 406 1229 478; x_wconf 74' lang='lat' dir='ltr'><strong>abstu=</strong></span> 
     </span>
     <span class='ocr_line' id='line_1_4' title="bbox 279 502 1234 606; baseline -0.002 -28"><span class='ocrx_word' id='word_1_15' title='bbox 279 503 385 578; x_wconf 83' lang='lat' dir='ltr'><strong>listi:</strong></span> <span class='ocrx_word' id='word_1_16' title='bbox 419 508 628 605; x_wconf 73' lang='lat' dir='ltr'><strong>tantumque</strong></span> <span class='ocrx_word' id='word_1_17' title='bbox 659 502 758 576; x_wconf 89' lang='lat' dir='ltr'><strong>nobis</strong></span> <span class='ocrx_word' id='word_1_18' title='bbox 792 503 962 606; x_wconf 83' lang='lat' dir='ltr'><strong>gaudium</strong></span> <span class='ocrx_word' id='word_1_19' title='bbox 996 504 1054 576; x_wconf 84' lang='lat' dir='ltr'><strong>vix</strong></span> <span class='ocrx_word' id='word_1_20' title='bbox 1087 513 1234 604; x_wconf 76' lang='lat' dir='ltr'><strong>sperata</strong></span> 
     </span>
     <span class='ocr_line' id='line_1_5' title="bbox 280 599 1230 702; baseline 0.004 -30"><span class='ocrx_word' id='word_1_21' title='bbox 280 599 505 673; x_wconf 70' lang='lat' dir='ltr'><strong>incolumitas</strong></span> <span class='ocrx_word' id='word_1_22' title='bbox 525 603 645 673; x_wconf 83' lang='lat' dir='ltr'><strong>attulit</strong></span> <span class='ocrx_word' id='word_1_23' title='bbox 663 655 674 692; x_wconf 91' lang='lat'><strong><em>,</em></strong></span> <span class='ocrx_word' id='word_1_24' title='bbox 700 609 874 702; x_wconf 76' lang='lat' dir='ltr'><strong>quantdm</strong></span> <span class='ocrx_word' id='word_1_25' title='bbox 890 601 1054 674; x_wconf 89' lang='lat' dir='ltr'><strong>omnibus</strong></span> <span class='ocrx_word' id='word_1_26' title='bbox 1072 603 1230 676; x_wconf 84' lang='lat' dir='ltr'><strong>dolorem</strong></span> 
     </span>
     <span class='ocr_line' id='line_1_6' title="bbox 280 699 1234 801; baseline 0.002 -31"><span class='ocrx_word' id='word_1_27' title='bbox 280 699 367 772; x_wconf 87' lang='lat' dir='ltr'><strong>mali</strong></span> <span class='ocrx_word' id='word_1_28' title='bbox 391 699 544 800; x_wconf 83' lang='lat' dir='ltr'><strong>gravitas</strong></span> <span class='ocrx_word' id='word_1_29' title='bbox 568 718 766 799; x_wconf 83' lang='lat' dir='ltr'><strong>pepererat.</strong></span> <span class='ocrx_word' id='word_1_30' title='bbox 805 703 1023 801; x_wconf 71' lang='lat' dir='ltr'><strong>Quanquam</strong></span> <span class='ocrx_word' id='word_1_31' title='bbox 1049 701 1234 800; x_wconf 72' lang='lat' dir='ltr'><strong>gratulare</strong></span> 
     </span>
     <span class='ocr_line' id='line_1_7' title="bbox 107 793 1228 900; baseline 0.003 -35"><span class='ocrx_word' id='word_1_32' title='bbox 107 883 113 891; x_wconf 16' lang='grc' dir='ltr'>ἱ</span> <span class='ocrx_word' id='word_1_33' title='bbox 279 793 369 886; x_wconf 81' lang='lat' dir='ltr'><strong>tibi,</strong></span> <span class='ocrx_word' id='word_1_34' title='bbox 384 797 442 868; x_wconf 91' lang='lat' dir='ltr'><strong>vel</strong></span> <span class='ocrx_word' id='word_1_35' title='bbox 453 799 548 900; x_wconf 83' lang='lat' dir='ltr'><strong>qubd</strong></span> <span class='ocrx_word' id='word_1_36' title='bbox 560 799 605 870; x_wconf 89' lang='lat' dir='ltr'><strong>ad</strong></span> <span class='ocrx_word' id='word_1_37' title='bbox 615 797 793 900; x_wconf 81' lang='lat' dir='ltr'><strong>angustias</strong></span> <span class='ocrx_word' id='word_1_38' title='bbox 807 815 879 870; x_wconf 86' lang='lat' dir='ltr'><strong>tarn</strong></span> <span class='ocrx_word' id='word_1_39' title='bbox 891 797 1228 900; x_wconf 81' lang='lat' dir='ltr'><strong>gravesdevenen&#39;s.</strong></span> 
     </span>
     <span class='ocr_line' id='line_1_8' title="bbox 204 893 1235 983; baseline 0 -15"><span class='ocrx_word' id='word_1_40' title='bbox 204 965 206 968; x_wconf 84' lang='lat'><strong>.</strong></span> <span class='ocrx_word' id='word_1_41' title='bbox 280 893 313 965; x_wconf 87' lang='lat' dir='ltr'><strong>E</strong></span> <span class='ocrx_word' id='word_1_42' title='bbox 340 894 461 966; x_wconf 87' lang='lat' dir='ltr'><strong>uidem</strong></span> <span class='ocrx_word' id='word_1_43' title='bbox 480 895 645 966; x_wconf 83' lang='lat' dir='ltr'><strong>eximiam</strong></span> <span class='ocrx_word' id='word_1_44' title='bbox 663 896 822 967; x_wconf 86' lang='lat' dir='ltr'><strong>omnium</strong></span> <span class='ocrx_word' id='word_1_45' title='bbox 842 897 929 970; x_wconf 89' lang='lat' dir='ltr'><strong>inte</strong></span> <span class='ocrx_word' id='word_1_46' title='bbox 945 898 1235 983; x_wconf 85' lang='lat' dir='ltr'><strong>observantiam,</strong></span> 
     </span>
     <span class='ocr_line' id='line_1_9' title="bbox 280 922 1234 1094; baseline 0.004 -33"><span class='ocrx_word' id='word_1_47' title='bbox 280 922 415 1084; x_wconf 73' lang='lat' dir='ltr'><strong>fidem,</strong></span> <span class='ocrx_word' id='word_1_48' title='bbox 440 991 721 1065; x_wconf 84' lang='lat' dir='ltr'><strong>benevolentiam</strong></span> <span class='ocrx_word' id='word_1_49' title='bbox 739 1021 844 1066; x_wconf 87' lang='lat' dir='ltr'><strong>sanus</strong></span> <span class='ocrx_word' id='word_1_50' title='bbox 865 1023 905 1066; x_wconf 90' lang='lat' dir='ltr'><strong>ac</strong></span> <span class='ocrx_word' id='word_1_51' title='bbox 920 996 1040 1066; x_wconf 88' lang='lat' dir='ltr'><strong>valens</strong></span> <span class='ocrx_word' id='word_1_52' title='bbox 1060 991 1234 1094; x_wconf 65' lang='lat' dir='ltr'><strong>expertus</strong></span> 
     </span>
    </p>
   </div>
   <div class='ocr_carea' id='block_1_3' title="bbox 277 1091 1233 1488">
    <p class='ocr_par' dir='ltr' id='par_1_3' title="bbox 277 1091 1233 1488">
     <span class='ocr_line' id='line_1_10' title="bbox 281 1091 1232 1192; baseline 0.005 -33"><span class='ocrx_word' id='word_1_53' title='bbox 281 1114 362 1160; x_wconf 84' lang='lat' dir='ltr'><strong>eras</strong></span> <span class='ocrx_word' id='word_1_54' title='bbox 382 1118 393 1179; x_wconf 83' lang='lat'>3</span> <span class='ocrx_word' id='word_1_55' title='bbox 413 1107 457 1192; x_wconf 34' lang='lat' dir='ltr'><strong>&#39;at</strong></span> <span class='ocrx_word' id='word_1_56' title='bbox 481 1091 666 1190; x_wconf 75' lang='lat' dir='ltr'><strong>singularis</strong></span> <span class='ocrx_word' id='word_1_57' title='bbox 689 1091 800 1190; x_wconf 85' lang='lat' dir='ltr'><strong>pietas</strong></span> <span class='ocrx_word' id='word_1_58' title='bbox 822 1119 862 1164; x_wconf 91' lang='lat' dir='ltr'><strong>ac</strong></span> <span class='ocrx_word' id='word_1_59' title='bbox 883 1091 1132 1182; x_wconf 73' lang='lat' dir='ltr'><strong>necessitudo,</strong></span> <span class='ocrx_word' id='word_1_60' title='bbox 1156 1093 1232 1191; x_wconf 68' lang='lat' dir='ltr'><strong>qud</strong></span> 
     </span>
     <span class='ocr_line' id='line_1_11' title="bbox 277 1185 1231 1290; baseline 0.002 -33"><span class='ocrx_word' id='word_1_61' title='bbox 277 1185 348 1257; x_wconf 84' lang='lat' dir='ltr'><strong>&#39;tibi</strong></span> <span class='ocrx_word' id='word_1_62' title='bbox 362 1215 655 1290; x_wconf 84' lang='lat' dir='ltr'><strong>unumquemque</strong></span> <span class='ocrx_word' id='word_1_63' title='bbox 673 1189 886 1280; x_wconf 82' lang='lat' dir='ltr'><strong>devinxisti,</strong></span> <span class='ocrx_word' id='word_1_64' title='bbox 905 1195 982 1262; x_wconf 76' lang='lat' dir='ltr'><strong>tlun</strong></span> <span class='ocrx_word' id='word_1_65' title='bbox 997 1190 1151 1262; x_wconf 75' lang='lat' dir='ltr'><strong>maxime</strong></span> <span class='ocrx_word' id='word_1_66' title='bbox 1192 1216 1231 1260; x_wconf 86' lang='lat' dir='ltr'><strong>a·</strong></span> 
     </span>
     <span class='ocr_line' id='line_1_12' title="bbox 279 1217 1233 1386; baseline 0.004 -33"><span class='ocrx_word' id='word_1_67' title='bbox 279 1283 351 1354; x_wconf 87' lang='lat' dir='ltr'><strong>tuit</strong></span> <span class='ocrx_word' id='word_1_68' title='bbox 363 1337 374 1376; x_wconf 88' lang='lat'>,</span> <span class='ocrx_word' id='word_1_69' title='bbox 395 1281 475 1358; x_wconf 81' lang='lat' dir='ltr'><strong>cdm</strong></span> <span class='ocrx_word' id='word_1_70' title='bbox 488 1287 582 1358; x_wconf 88' lang='lat' dir='ltr'><strong>salus</strong></span> <span class='ocrx_word' id='word_1_71' title='bbox 595 1305 656 1358; x_wconf 89' lang='lat' dir='ltr'><strong>tua</strong></span> <span class='ocrx_word' id='word_1_72' title='bbox 669 1285 821 1358; x_wconf 73' lang='lat' dir='ltr'><strong>maxime</strong></span> <span class='ocrx_word' id='word_1_73' title='bbox 834 1287 1104 1386; x_wconf 86' lang='lat' dir='ltr'><strong>periclitaretur.</strong></span> <span class='ocrx_word' id='word_1_74' title='bbox 1123 1217 1233 1358; x_wconf 71' lang='lat' dir='ltr'><strong>Vile·</strong></span> 
     </span>
     <span class='ocr_line' id='line_1_13' title="bbox 278 1377 1227 1488; baseline 0 -34"><span class='ocrx_word' id='word_1_75' title='bbox 278 1379 412 1454; x_wconf 86' lang='lat' dir='ltr'><strong>bantur</strong></span> <span class='ocrx_word' id='word_1_76' title='bbox 429 1383 558 1484; x_wconf 82' lang='lat' dir='ltr'><strong>singuli</strong></span> <span class='ocrx_word' id='word_1_77' title='bbox 573 1385 824 1484; x_wconf 83' lang='lat' dir='ltr'><strong>persentiscere</strong></span> <span class='ocrx_word' id='word_1_78' title='bbox 841 1433 854 1476; x_wconf 79' lang='grc'><strong>,,</strong></span> <span class='ocrx_word' id='word_1_79' title='bbox 880 1386 1127 1488; x_wconf 77' lang='lat' dir='ltr'><strong>quodcumque</strong></span> <span class='ocrx_word' id='word_1_80' title='bbox 1145 1377 1227 1454; x_wconf 63' lang='lat' dir='ltr'><strong>affi&#39;·</strong></span> 
     </span>
    </p>
   </div>
   <div class='ocr_carea' id='block_1_4' title="bbox 199 1481 1240 3234">
    <p class='ocr_par' dir='ltr' id='par_1_4' title="bbox 199 1481 1240 3038">
     <span class='ocr_line' id='line_1_14' title="bbox 280 1481 1235 1584; baseline -0.001 -35"><span class='ocrx_word' id='word_1_81' title='bbox 280 1505 349 1552; x_wconf 82' lang='lat' dir='ltr'><strong>xus</strong></span> <span class='ocrx_word' id='word_1_82' title='bbox 364 1481 439 1580; x_wconf 90' lang='lat' dir='ltr'><strong>ipse</strong></span> <span class='ocrx_word' id='word_1_83' title='bbox 458 1483 549 1572; x_wconf 79' lang='lat' dir='ltr'><strong>lecto</strong></span> <span class='ocrx_word' id='word_1_84' title='bbox 568 1481 749 1556; x_wconf 83' lang='lat' dir='ltr'><strong>sentiebas</strong></span> <span class='ocrx_word' id='word_1_85' title='bbox 757 1511 770 1572; x_wconf 85' lang='lat'>3</span> <span class='ocrx_word' id='word_1_86' title='bbox 791 1489 827 1554; x_wconf 81' lang='lat' dir='ltr'><strong>et¹</strong></span> <span class='ocrx_word' id='word_1_87' title='bbox 843 1483 958 1555; x_wconf 83' lang='lat' dir='ltr'><strong>morbi</strong></span> <span class='ocrx_word' id='word_1_88' title='bbox 976 1484 1038 1556; x_wconf 90' lang='lat' dir='ltr'><strong>vel.</strong></span> <span class='ocrx_word' id='word_1_89' title='bbox 1054 1483 1235 1584; x_wconf 62' lang='lat' dir='ltr'><strong>ingraves.</strong></span> 
     </span>
     <span class='ocr_line' id='line_1_15' title="bbox 268 1577 1240 1681; baseline 0 -33"><span class='ocrx_word' id='word_1_90' title='bbox 268 1579 391 1650; x_wconf 83' lang='lat' dir='ltr'><strong>&#39;centis</strong></span> <span class='ocrx_word' id='word_1_91' title='bbox 415 1581 468 1652; x_wconf 86' lang='lat' dir='ltr'><strong>vis</strong></span> <span class='ocrx_word' id='word_1_92' title='bbox 492 1609 532 1650; x_wconf 87' lang='lat' dir='ltr'><strong>ac</strong></span> <span class='ocrx_word' id='word_1_93' title='bbox 552 1581 727 1681; x_wconf 85' lang='lat' dir='ltr'><strong>gravitas,</strong></span> <span class='ocrx_word' id='word_1_94' title='bbox 758 1581 815 1652; x_wconf 87' lang='lat' dir='ltr'><strong>vel</strong></span> <span class='ocrx_word' id='word_1_95' title='bbox 838 1579 997 1654; x_wconf 79' lang='lat' dir='ltr'><strong>e&#39;u&#39;sdem</strong></span> <span class='ocrx_word' id='word_1_96' title='bbox 1020 1577 1240 1654; x_wconf 84' lang='lat' dir='ltr'><strong>senescentis</strong></span> 
     </span>
     <span class='ocr_line' id='line_1_16' title="bbox 279 1609 1233 1778; baseline 0 -32"><span class='ocrx_word' id='word_1_97' title='bbox 279 1675 439 1747; x_wconf 86' lang='lat' dir='ltr'><strong>remissio</strong></span> <span class='ocrx_word' id='word_1_98' title='bbox 465 1679 657 1749; x_wconf 88' lang='lat' dir='ltr'><strong>amicorum</strong></span> <span class='ocrx_word' id='word_1_99' title='bbox 678 1678 714 1749; x_wconf 93' lang='lat' dir='ltr'><strong>in</strong></span> <span class='ocrx_word' id='word_1_100' title='bbox 739 1678 842 1750; x_wconf 81' lang='lat' dir='ltr'><strong>vultu</strong></span> <span class='ocrx_word' id='word_1_101' title='bbox 855 1609 1050 1778; x_wconf 80' lang='lat' dir='ltr'><strong>legebatur.</strong></span> <span class='ocrx_word' id='word_1_102' title='bbox 1067 1675 1151 1748; x_wconf 89' lang='lat' dir='ltr'><strong>Noli</strong></span> <span class='ocrx_word' id='word_1_103' title='bbox 1161 1703 1233 1774; x_wconf 82' lang='lat' dir='ltr'><strong>1g1</strong></span> 
     </span>
     <span class='ocr_line' id='line_1_17' title="bbox 278 1774 1233 1876; baseline 0 -33"><span class='ocrx_word' id='word_1_104' title='bbox 278 1787 339 1843; x_wconf 93' lang='lat' dir='ltr'><strong>tur</strong></span> <span class='ocrx_word' id='word_1_105' title='bbox 359 1774 503 1865; x_wconf 89' lang='lat' dir='ltr'><strong>mirari,</strong></span> <span class='ocrx_word' id='word_1_106' title='bbox 529 1776 558 1845; x_wconf 90' lang='lat' dir='ltr'><strong>si</strong></span> <span class='ocrx_word' id='word_1_107' title='bbox 580 1789 653 1846; x_wconf 86' lang='lat' dir='ltr'><strong>tarn</strong></span> <span class='ocrx_word' id='word_1_108' title='bbox 666 1775 766 1846; x_wconf 90' lang='lat' dir='ltr'><strong>nobis</strong></span> <span class='ocrx_word' id='word_1_109' title='bbox 781 1775 869 1876; x_wconf 71' lang='lat' dir='ltr'><strong>ipsis&#39;</strong></span> <span class='ocrx_word' id='word_1_110' title='bbox 877 1827 888 1866; x_wconf 90' lang='lat'>,</span> <span class='ocrx_word' id='word_1_111' title='bbox 937 1777 1018 1847; x_wconf 68' lang='lat' dir='ltr'><strong>uam</strong></span> <span class='ocrx_word' id='word_1_112' title='bbox 1025 1775 1109 1873; x_wconf 53' lang='lat' dir='ltr'><strong>stibi</strong></span> <span class='ocrx_word' id='word_1_113' title='bbox 1124 1775 1233 1846; x_wconf 86' lang='lat' dir='ltr'><strong>resti·</strong></span> 
     </span>
     <span class='ocr_line' id='line_1_18' title="bbox 199 1804 1237 1983; baseline 0.004 -47"><span class='ocrx_word' id='word_1_114' title='bbox 199 1921 202 1935; x_wconf 73' lang='grc'><strong>,</strong></span> <span class='ocrx_word' id='word_1_115' title='bbox 277 1884 397 1941; x_wconf 86' lang='lat' dir='ltr'><strong>tutum</strong></span> <span class='ocrx_word' id='word_1_116' title='bbox 417 1886 453 1942; x_wconf 90' lang='lat' dir='ltr'><strong>te</strong></span> <span class='ocrx_word' id='word_1_117' title='bbox 469 1871 580 1983; x_wconf 89' lang='lat' dir='ltr'><strong>priori</strong></span> <span class='ocrx_word' id='word_1_118' title='bbox 597 1872 793 1945; x_wconf 87' lang='lat' dir='ltr'><strong>valetudini</strong></span> <span class='ocrx_word' id='word_1_119' title='bbox 813 1804 1054 1976; x_wconf 73' lang='lat' dir='ltr'><strong>gratulamur3</strong></span> <span class='ocrx_word' id='word_1_120' title='bbox 1075 1871 1137 1968; x_wconf 93' lang='lat' dir='ltr'><strong>qui</strong></span> <span class='ocrx_word' id='word_1_121' title='bbox 1157 1871 1237 1940; x_wconf 73' lang='lat' dir='ltr'><strong>una</strong></span> 
     </span>
     <span class='ocr_line' id='line_1_19' title="bbox 277 1964 1234 2068; baseline -0.004 -28"><span class='ocrx_word' id='word_1_122' title='bbox 277 1981 397 2040; x_wconf 83' lang='lat' dir='ltr'><strong>tecum</strong></span> <span class='ocrx_word' id='word_1_123' title='bbox 410 1967 477 2040; x_wconf 63' lang='lat' dir='ltr'><strong>xvisi</strong></span> <span class='ocrx_word' id='word_1_124' title='bbox 496 1995 619 2042; x_wconf 88' lang='lat' dir='ltr'><strong>sumus</strong></span> <span class='ocrx_word' id='word_1_125' title='bbox 638 1998 683 2041; x_wconf 83' lang='lat' dir='ltr'><strong>ex</strong></span> <span class='ocrx_word' id='word_1_126' title='bbox 703 1971 805 2068; x_wconf 74' lang='lat' dir='ltr'><strong>longd</strong></span> <span class='ocrx_word' id='word_1_127' title='bbox 823 1969 1029 2064; x_wconf 78' lang='lat' dir='ltr'><strong>aegritudine</strong></span> <span class='ocrx_word' id='word_1_128' title='bbox 1047 1964 1234 2040; x_wconf 79' lang='lat' dir='ltr'><strong>couvales-</strong></span> 
     </span>
     <span class='ocr_line' id='line_1_20' title="bbox 276 2067 1232 2176; baseline -0.003 -42"><span class='ocrx_word' id='word_1_129' title='bbox 276 2090 372 2135; x_wconf 87' lang='lat' dir='ltr'><strong>cere.</strong></span> <span class='ocrx_word' id='word_1_130' title='bbox 389 2067 569 2176; x_wconf 83' lang='lat' dir='ltr'><strong>Depulisti</strong></span> <span class='ocrx_word' id='word_1_131' title='bbox 584 2081 763 2134; x_wconf 89' lang='lat' dir='ltr'><strong>momento</strong></span> <span class='ocrx_word' id='word_1_132' title='bbox 779 2080 896 2134; x_wconf 88' lang='lat' dir='ltr'><strong>metus</strong></span> <span class='ocrx_word' id='word_1_133' title='bbox 921 2079 1078 2154; x_wconf 83' lang='lat' dir='ltr'><strong>nostros,</strong></span> <span class='ocrx_word' id='word_1_134' title='bbox 1104 2089 1232 2156; x_wconf 77' lang='lat' dir='ltr'><strong>curas,</strong></span> 
     </span>
     <span class='ocr_line' id='line_1_21' title="bbox 275 2159 1232 2264; baseline -0.002 -32"><span class='ocrx_word' id='word_1_135' title='bbox 275 2159 546 2251; x_wconf 77' lang='lat' dir='ltr'><strong>&#39;sollicitudrne&#39;s3</strong></span> <span class='ocrx_word' id='word_1_136' title='bbox 572 2177 608 2232; x_wconf 90' lang='lat' dir='ltr'><strong>et</strong></span> <span class='ocrx_word' id='word_1_137' title='bbox 628 2159 845 2233; x_wconf 80' lang='lat' dir='ltr'><strong>hilaritatem</strong></span> <span class='ocrx_word' id='word_1_138' title='bbox 867 2161 1050 2260; x_wconf 87' lang='lat' dir='ltr'><strong>quandam</strong></span> <span class='ocrx_word' id='word_1_139' title='bbox 1077 2159 1232 2264; x_wconf 80' lang='lat' dir='ltr'><strong>singula·</strong></span> 
     </span>
     <span class='ocr_line' id='line_1_22' title="bbox 276 2255 1226 2357; baseline -0.002 -27"><span class='ocrx_word' id='word_1_140' title='bbox 276 2281 354 2331; x_wconf 86' lang='lat' dir='ltr'><strong>rem</strong></span> <span class='ocrx_word' id='word_1_141' title='bbox 372 2255 537 2357; x_wconf 80' lang='lat' dir='ltr'><strong>injecisti.</strong></span> <span class='ocrx_word' id='word_1_142' title='bbox 556 2257 666 2334; x_wconf 88' lang='lat' dir='ltr'><strong>Nunc</strong></span> <span class='ocrx_word' id='word_1_143' title='bbox 678 2259 760 2329; x_wconf 88' lang='lat' dir='ltr'><strong>vide</strong></span> <span class='ocrx_word' id='word_1_144' title='bbox 784 2259 853 2346; x_wconf 91' lang='lat' dir='ltr'><strong>sis,</strong></span> <span class='ocrx_word' id='word_1_145' title='bbox 878 2274 1011 2357; x_wconf 87' lang='lat' dir='ltr'><strong>quanto</strong></span> <span class='ocrx_word' id='word_1_146' title='bbox 1031 2257 1147 2328; x_wconf 90' lang='lat' dir='ltr'><strong>studio</strong></span> <span class='ocrx_word' id='word_1_147' title='bbox 1162 2285 1226 2328; x_wconf 90' lang='lat' dir='ltr'><strong>va-</strong></span> 
     </span>
     <span class='ocr_line' id='line_1_23' title="bbox 277 2353 1238 2454; baseline 0 -26"><span class='ocrx_word' id='word_1_148' title='bbox 277 2355 431 2428; x_wconf 88' lang='lat' dir='ltr'><strong>letudini</strong></span> <span class='ocrx_word' id='word_1_149' title='bbox 444 2372 516 2428; x_wconf 88' lang='lat' dir='ltr'><strong>tuae</strong></span> <span class='ocrx_word' id='word_1_150' title='bbox 533 2355 714 2428; x_wconf 89' lang='lat' dir='ltr'><strong>consulere</strong></span> <span class='ocrx_word' id='word_1_151' title='bbox 732 2353 886 2444; x_wconf 79' lang='lat' dir='ltr'><strong>debeas,</strong></span> <span class='ocrx_word' id='word_1_152' title='bbox 908 2383 952 2425; x_wconf 87' lang='lat' dir='ltr'><strong>ex</strong></span> <span class='ocrx_word' id='word_1_153' title='bbox 965 2357 1034 2454; x_wconf 70' lang='lat' dir='ltr'><strong>qud</strong></span> <span class='ocrx_word' id='word_1_154' title='bbox 1051 2370 1102 2426; x_wconf 88' lang='lat' dir='ltr'><strong>tot</strong></span> <span class='ocrx_word' id='word_1_155' title='bbox 1119 2353 1238 2428; x_wconf 84' lang='lat' dir='ltr'><strong>homi--</strong></span> 
     </span>
     <span class='ocr_line' id='line_1_24' title="bbox 277 2451 1230 2554; baseline -0.002 -28"><span class='ocrx_word' id='word_1_156' title='bbox 277 2481 367 2526; x_wconf 90' lang='lat' dir='ltr'><strong>num</strong></span> <span class='ocrx_word' id='word_1_157' title='bbox 382 2453 547 2525; x_wconf 86' lang='lat' dir='ltr'><strong>valetudo</strong></span> <span class='ocrx_word' id='word_1_158' title='bbox 560 2455 727 2554; x_wconf 86' lang='lat' dir='ltr'><strong>pendeat.</strong></span> <span class='ocrx_word' id='word_1_159' title='bbox 744 2451 839 2526; x_wconf 86' lang='lat' dir='ltr'><strong>Cave</strong></span> <span class='ocrx_word' id='word_1_160' title='bbox 853 2480 898 2524; x_wconf 91' lang='lat' dir='ltr'><strong>ne</strong></span> <span class='ocrx_word' id='word_1_161' title='bbox 911 2451 1109 2548; x_wconf 82' lang='lat' dir='ltr'><strong>injuriosior</strong></span> <span class='ocrx_word' id='word_1_162' title='bbox 1127 2451 1230 2524; x_wconf 91' lang='lat' dir='ltr'><strong>nobis</strong></span> 
     </span>
     <span class='ocr_line' id='line_1_25' title="bbox 233 2549 1231 2650; baseline -0.005 -27"><span class='ocrx_word' id='word_1_163' title='bbox 233 2551 236 2566; x_wconf 81' lang='grc'><strong>’</strong></span> <span class='ocrx_word' id='word_1_164' title='bbox 276 2550 381 2650; x_wconf 85' lang='lat' dir='ltr'><strong>ipsis,</strong></span> <span class='ocrx_word' id='word_1_165' title='bbox 399 2555 507 2650; x_wconf 61' lang='lat' dir='ltr'><strong>quem</strong></span> <span class='ocrx_word' id='word_1_166' title='bbox 525 2551 593 2622; x_wconf 88' lang='lat' dir='ltr'><strong>tibi</strong></span> <span class='ocrx_word' id='word_1_167' title='bbox 618 2551 781 2636; x_wconf 81' lang='lat' dir='ltr'><strong>videare,</strong></span> <span class='ocrx_word' id='word_1_168' title='bbox 802 2551 834 2620; x_wconf 86' lang='lat' dir='ltr'><strong>si</strong></span> <span class='ocrx_word' id='word_1_169' title='bbox 856 2549 1073 2620; x_wconf 82' lang='lat' dir='ltr'><strong>contentione</strong></span> <span class='ocrx_word' id='word_1_170' title='bbox 1096 2549 1231 2641; x_wconf 72' lang='lat' dir='ltr'><strong>nimid,</strong></span> 
     </span>
     <span class='ocr_line' id='line_1_26' title="bbox 276 2644 1232 2742; baseline 0 -24"><span class='ocrx_word' id='word_1_171' title='bbox 276 2663 315 2718; x_wconf 89' lang='lat' dir='ltr'><strong>et</strong></span> <span class='ocrx_word' id='word_1_172' title='bbox 333 2647 500 2742; x_wconf 88' lang='lat' dir='ltr'><strong>susceptis</strong></span> <span class='ocrx_word' id='word_1_173' title='bbox 558 2663 645 2715; x_wconf 86' lang='lat' dir='ltr'><strong>aeter</strong></span> <span class='ocrx_word' id='word_1_174' title='bbox 662 2647 805 2716; x_wconf 88' lang='lat' dir='ltr'><strong>modum</strong></span> <span class='ocrx_word' id='word_1_175' title='bbox 832 2645 1010 2716; x_wconf 87' lang='lat' dir='ltr'><strong>laboribus</strong></span> <span class='ocrx_word' id='word_1_176' title='bbox 1031 2672 1162 2740; x_wconf 84' lang='lat' dir='ltr'><strong>novum</strong></span> <span class='ocrx_word' id='word_1_177' title='bbox 1185 2644 1232 2718; x_wconf 86' lang='lat' dir='ltr'><strong>in·</strong></span> 
     </span>
     <span class='ocr_line' id='line_1_27' title="bbox 275 2740 1232 2840; baseline -0.007 -28"><span class='ocrx_word' id='word_1_178' title='bbox 275 2740 463 2812; x_wconf 83' lang='lat' dir='ltr'><strong>discrimen</strong></span> <span class='ocrx_word' id='word_1_179' title='bbox 479 2765 516 2810; x_wconf 85' lang='lat' dir='ltr'><strong>sa</strong></span> <span class='ocrx_word' id='word_1_180' title='bbox 530 2755 629 2811; x_wconf 88' lang='lat' dir='ltr'><strong>utem</strong></span> <span class='ocrx_word' id='word_1_181' title='bbox 639 2741 842 2812; x_wconf 82' lang='lat' dir='ltr'><strong>adduxeris.</strong></span> <span class='ocrx_word' id='word_1_182' title='bbox 854 2741 986 2840; x_wconf 68' lang='lat' dir='ltr'><strong>Agitur</strong></span> <span class='ocrx_word' id='word_1_183' title='bbox 995 2768 1065 2810; x_wconf 89' lang='lat' dir='ltr'><strong>non</strong></span> <span class='ocrx_word' id='word_1_184' title='bbox 1078 2757 1138 2812; x_wconf 89' lang='lat' dir='ltr'><strong>tua</strong></span> <span class='ocrx_word' id='word_1_185' title='bbox 1150 2757 1232 2814; x_wconf 68' lang='lat' dir='ltr'><strong>tan-</strong></span> 
     </span>
     <span class='ocr_line' id='line_1_28' title="bbox 275 2830 1225 2939; baseline 0.002 -30"><span class='ocrx_word' id='word_1_186' title='bbox 275 2841 354 2910; x_wconf 78' lang='lat' dir='ltr'><strong>tum</strong></span> <span class='ocrx_word' id='word_1_187' title='bbox 372 2837 435 2909; x_wconf 90' lang='lat' dir='ltr'><strong>sed</strong></span> <span class='ocrx_word' id='word_1_188' title='bbox 457 2835 678 2938; x_wconf 67' lang='lat' dir='ltr'><strong>Reipublicae</strong></span> <span class='ocrx_word' id='word_1_189' title='bbox 700 2838 808 2908; x_wconf 88' lang='lat' dir='ltr'><strong>totius</strong></span> <span class='ocrx_word' id='word_1_190' title='bbox 832 2830 1077 2926; x_wconf 78' lang='lat' dir='ltr'><strong>incoluinitas3</strong></span> <span class='ocrx_word' id='word_1_191' title='bbox 1106 2865 1225 2939; x_wconf 88' lang='lat' dir='ltr'><strong>neque</strong></span> 
     </span>
     <span class='ocr_line' id='line_1_29' title="bbox 276 2934 1227 3038; baseline -0.002 -30"><span class='ocrx_word' id='word_1_192' title='bbox 276 2962 420 3038; x_wconf 84' lang='lat' dir='ltr'><strong>peccare</strong></span> <span class='ocrx_word' id='word_1_193' title='bbox 459 2934 630 3036; x_wconf 89' lang='lat' dir='ltr'><strong>uidquam</strong></span> <span class='ocrx_word' id='word_1_194' title='bbox 640 2934 780 3035; x_wconf 77' lang='lat' dir='ltr'><strong>gravida</strong></span> <span class='ocrx_word' id='word_1_195' title='bbox 790 2951 890 3006; x_wconf 87' lang='lat' dir='ltr'><strong>tuam</strong></span> <span class='ocrx_word' id='word_1_196' title='bbox 903 2935 941 3006; x_wconf 82' lang='lat' dir='ltr'><strong>i&#39;n</strong></span> <span class='ocrx_word' id='word_1_197' title='bbox 953 2935 1102 3006; x_wconf 82' lang='lat' dir='ltr'><strong>salutern</strong></span> <span class='ocrx_word' id='word_1_198' title='bbox 1111 2953 1227 3034; x_wconf 74' lang='lat' dir='ltr'><strong>potes,</strong></span> 
     </span>
    </p>

    <p class='ocr_par' dir='ltr' id='par_1_5' title="bbox 277 2964 1231 3234">
     <span class='ocr_line' id='line_1_30' title="bbox 330 2964 1231 3134; baseline -0.001 -29"><span class='ocrx_word' id='word_1_199' title='bbox 330 3034 368 3106; x_wconf 92' lang='lat' dir='ltr'><strong>in</strong></span> <span class='ocrx_word' id='word_1_200' title='bbox 382 2964 507 3108; x_wconf 75' lang='lat' dir='ltr'><strong>eodem</strong></span> <span class='ocrx_word' id='word_1_201' title='bbox 524 3043 682 3134; x_wconf 87' lang='lat' dir='ltr'><strong>tempore</strong></span> <span class='ocrx_word' id='word_1_202' title='bbox 694 3033 734 3104; x_wconf 86' lang='lat' dir='ltr'><strong>in</strong></span> <span class='ocrx_word' id='word_1_203' title='bbox 747 3033 932 3105; x_wconf 86' lang='lat' dir='ltr'><strong>commune</strong></span> <span class='ocrx_word' id='word_1_204' title='bbox 948 3034 1078 3105; x_wconf 90' lang='lat' dir='ltr'><strong>bonum</strong></span> <span class='ocrx_word' id='word_1_205' title='bbox 1089 3061 1231 3133; x_wconf 81' lang='lat' dir='ltr'><strong>pecces.</strong></span> 
     </span>
     <span class='ocr_line' id='line_1_31' title="bbox 277 3063 1230 3234; baseline -0.003 -28"><span class='ocrx_word' id='word_1_206' title='bbox 277 3063 369 3216; x_wconf 64' lang='lat' dir='ltr'><strong>itate</strong></span> <span class='ocrx_word' id='word_1_207' title='bbox 386 3150 517 3234; x_wconf 79' lang='lat' dir='ltr'><strong>ergoet</strong></span> <span class='ocrx_word' id='word_1_208' title='bbox 524 3132 604 3210; x_wconf 85' lang='lat' dir='ltr'><strong>vire</strong></span> <span class='ocrx_word' id='word_1_209' title='bbox 610 3184 622 3226; x_wconf 90' lang='lat'>‚</span> <span class='ocrx_word' id='word_1_210' title='bbox 638 3132 668 3206; x_wconf 90' lang='lat' dir='ltr'><strong>si</strong></span> <span class='ocrx_word' id='word_1_211' title='bbox 679 3157 743 3205; x_wconf 87' lang='lat' dir='ltr'><strong>nos</strong></span> <span class='ocrx_word' id='word_1_212' title='bbox 752 3130 872 3204; x_wconf 86' lang='lat' dir='ltr'><strong>vivere</strong></span> <span class='ocrx_word' id='word_1_213' title='bbox 886 3147 924 3206; x_wconf 92' lang='lat' dir='ltr'><strong>et</strong></span> <span class='ocrx_word' id='word_1_214' title='bbox 932 3130 1049 3208; x_wconf 84' lang='lat' dir='ltr'><strong>valere</strong></span> <span class='ocrx_word' id='word_1_215' title='bbox 1058 3133 1230 3206; x_wconf 82' lang='lat' dir='ltr'><strong>volueris.</strong></span> 
     </span>
    </p>
   </div>
   <div class='ocr_carea' id='block_1_5' title="bbox 636 3434 877 3482">
    <p class='ocr_par' dir='ltr' id='par_1_6' title="bbox 636 3434 877 3482">
     <span class='ocr_line' id='line_1_32' title="bbox 636 3434 877 3482; baseline 0.008 -2"><span class='ocrx_word' id='word_1_216' title='bbox 636 3434 877 3482; x_wconf 56' lang='lat' dir='ltr'><strong>mmm</strong></span> 
     </span>
    </p>
   </div>
   <div class='ocr_carea' id='block_1_6' title="bbox 0 0 1384 4416">
    <p class='ocr_par' dir='ltr' id='par_1_7' title="bbox 0 0 1384 4416">
     <span class='ocr_line' id='line_1_33' title="bbox 0 0 1384 4416; baseline 0 2"><span class='ocrx_word' id='word_1_217' title='bbox 0 0 1384 4416; x_wconf 95' lang='lat' dir='ltr'><strong> </strong></span> 
     </span>
    </p>
   </div>
  </div>
 </body>
</html>
