<?xml version="1.0" encoding="UTF-8"?>
<!DOCTYPE html PUBLIC "-//W3C//DTD XHTML 1.0 Transitional//EN"
    "http://www.w3.org/TR/xhtml1/DTD/xhtml1-transitional.dtd">
<html xmlns="http://www.w3.org/1999/xhtml" xml:lang="en" lang="en">
 <head>
  <title>
</title>
<meta http-equiv="Content-Type" content="text/html;charset=utf-8" />
  <meta name='ocr-system' content='tesseract 3.04.00' />
  <meta name='ocr-capabilities' content='ocr_page ocr_carea ocr_par ocr_line ocrx_word'/>
</head>
<body>
  <div class='ocr_page' id='page_1' title='image "./bibliothecarhet01jaygoog/bibliothecarhet01jaygoog_0407.png"; bbox 0 0 2756 4414; ppageno 0'>
   <div class='ocr_carea' id='block_1_1' title="bbox 362 208 1203 302">
    <p class='ocr_par' dir='ltr' id='par_1_1' title="bbox 362 208 1203 302">
     <span class='ocr_line' id='line_1_1' title="bbox 362 208 1203 302; baseline -0.001 -26"><span class='ocrx_word' id='word_1_1' title='bbox 362 224 887 276; x_wconf 78' lang='lat' dir='ltr'><strong>rrsrnsncorsnus.</strong></span> <span class='ocrx_word' id='word_1_2' title='bbox 1027 208 1100 302; x_wconf 72' lang='lat'><strong>409</strong></span> <span class='ocrx_word' id='word_1_3' title='bbox 1199 209 1203 215; x_wconf 82' lang='lat'>&#39;</span> 
     </span>
    </p>
   </div>
   <div class='ocr_carea' id='block_1_2' title="bbox 130 320 1220 3153">
    <p class='ocr_par' dir='ltr' id='par_1_2' title="bbox 130 320 1220 3153">
     <span class='ocr_line' id='line_1_2' title="bbox 163 320 1100 396; baseline -0.002 0"><span class='ocrx_word' id='word_1_4' title='bbox 163 339 205 396; x_wconf 89' lang='lat' dir='ltr'><strong>ut</strong></span> <span class='ocrx_word' id='word_1_5' title='bbox 229 321 378 395; x_wconf 84' lang='lat' dir='ltr'><strong>eandem</strong></span> <span class='ocrx_word' id='word_1_6' title='bbox 397 323 584 396; x_wconf 80' lang='lat' dir='ltr'><strong>domestico</strong></span> <span class='ocrx_word' id='word_1_7' title='bbox 605 320 720 394; x_wconf 77' lang='lat' dir='ltr'><strong>lurore</strong></span> <span class='ocrx_word' id='word_1_8' title='bbox 738 321 912 395; x_wconf 66' lang='lat' dir='ltr'><strong>violares?</strong></span> <span class='ocrx_word' id='word_1_9' title='bbox 929 339 1013 394; x_wconf 87' lang='lat' dir='ltr'><strong>tune</strong></span> <span class='ocrx_word' id='word_1_10' title='bbox 1026 325 1100 394; x_wconf 70' lang='lat' dir='ltr'><strong>vic‹</strong></span> 
     </span>
     <span class='ocr_line' id='line_1_3' title="bbox 163 419 1205 520; baseline 0.001 -28"><span class='ocrx_word' id='word_1_11' title='bbox 163 421 290 492; x_wconf 83' lang='lat' dir='ltr'><strong>teriam</strong></span> <span class='ocrx_word' id='word_1_12' title='bbox 305 423 350 492; x_wconf 90' lang='lat' dir='ltr'><strong>de</strong></span> <span class='ocrx_word' id='word_1_13' title='bbox 370 419 529 492; x_wconf 77' lang='lat' dir='ltr'><strong>hostibus</strong></span> <span class='ocrx_word' id='word_1_14' title='bbox 545 421 753 520; x_wconf 83' lang='lat' dir='ltr'><strong>reportasti,</strong></span> <span class='ocrx_word' id='word_1_15' title='bbox 771 437 813 492; x_wconf 89' lang='lat' dir='ltr'><strong>ut</strong></span> <span class='ocrx_word' id='word_1_16' title='bbox 830 421 954 492; x_wconf 81' lang='lat' dir='ltr'><strong>eddem</strong></span> <span class='ocrx_word' id='word_1_17' title='bbox 971 422 1111 502; x_wconf 86' lang='lat' dir='ltr'><strong>civium¹</strong></span> <span class='ocrx_word' id='word_1_18' title='bbox 1203 479 1205 483; x_wconf 86' lang='lat'>.</span> 
     </span>
     <span class='ocr_line' id='line_1_4' title="bbox 163 517 1101 618; baseline 0.001 -29"><span class='ocrx_word' id='word_1_19' title='bbox 163 519 203 589; x_wconf 88' lang='lat' dir='ltr'><strong>in</strong></span> <span class='ocrx_word' id='word_1_20' title='bbox 239 517 428 618; x_wconf 88' lang='lat' dir='ltr'><strong>perniciem</strong></span> <span class='ocrx_word' id='word_1_21' title='bbox 454 518 693 590; x_wconf 54' lang='lat' dir='ltr'><strong>‘abutererisl</strong></span> <span class='ocrx_word' id='word_1_22' title='bbox 731 534 827 590; x_wconf 79' lang='lat' dir='ltr'><strong>tune</strong></span> <span class='ocrx_word' id='word_1_23' title='bbox 852 518 1101 590; x_wconf 78' lang='lat' dir='ltr'><strong>conclamatam</strong></span> 
     </span>
     <span class='ocr_line' id='line_1_5' title="bbox 163 613 1101 714; baseline -0.001 -28"><span class='ocrx_word' id='word_1_24' title='bbox 163 615 238 714; x_wconf 85' lang='lat' dir='ltr'><strong>jam</strong></span> <span class='ocrx_word' id='word_1_25' title='bbox 322 619 367 688; x_wconf 83' lang='grc' dir='ltr'><strong>ιιὲ</strong></span> <span class='ocrx_word' id='word_1_26' title='bbox 393 613 500 714; x_wconf 91' lang='lat' dir='ltr'><strong>hujus</strong></span> <span class='ocrx_word' id='word_1_27' title='bbox 528 614 626 686; x_wconf 89' lang='lat' dir='ltr'><strong>urbis</strong></span> <span class='ocrx_word' id='word_1_28' title='bbox 654 614 854 686; x_wconf 86' lang='lat' dir='ltr'><strong>libertatem</strong></span> <span class='ocrx_word' id='word_1_29' title='bbox 891 615 1101 706; x_wconf 84' lang='lat' dir='ltr'><strong>vindicasti,</strong></span> 
     </span>
     <span class='ocr_line' id='line_1_6' title="bbox 164 643 1104 826; baseline 0 -42"><span class='ocrx_word' id='word_1_30' title='bbox 164 715 207 784; x_wconf 78' lang='lat' dir='ltr'><strong>ui</strong></span> <span class='ocrx_word' id='word_1_31' title='bbox 227 643 341 784; x_wconf 55' lang='lat' dir='ltr'><strong>eidiem</strong></span> <span class='ocrx_word' id='word_1_32' title='bbox 368 714 432 784; x_wconf 79' lang='lat' dir='ltr'><strong>t&#39;ali</strong></span> <span class='ocrx_word' id='word_1_33' title='bbox 449 710 601 784; x_wconf 75' lang='lat' dir='ltr'><strong>facinore</strong></span> <span class='ocrx_word' id='word_1_34' title='bbox 627 712 793 826; x_wconf 75' lang='lat' dir='ltr'><strong>gravioris</strong></span> <span class='ocrx_word' id='word_1_35' title='bbox 812 711 955 784; x_wconf 83' lang='lat' dir='ltr'><strong>servitii·</strong></span> <span class='ocrx_word' id='word_1_36' title='bbox 967 729 1104 784; x_wconf 84' lang='lat' dir='ltr'><strong>matum</strong></span> 
     </span>
     <span class='ocr_line' id='line_1_7' title="bbox 164 805 1103 922; baseline -0.004 -38"><span class='ocrx_word' id='word_1_37' title='bbox 164 809 323 922; x_wconf 83' lang='lat' dir='ltr'><strong>injiceres</strong></span> <span class='ocrx_word' id='word_1_38' title='bbox 339 809 354 880; x_wconf 68' lang='grc' dir='ltr'>ἓ</span> <span class='ocrx_word' id='word_1_39' title='bbox 378 809 565 904; x_wconf 72' lang='lat' dir='ltr'><strong>O·urbem</strong></span> <span class='ocrx_word' id='word_1_40' title='bbox 580 808 780 882; x_wconf 79' lang='lat' dir='ltr'><strong>‘miseraml</strong></span> <span class='ocrx_word' id='word_1_41' title='bbox 802 815 824 880; x_wconf 79' lang='lat' dir='ltr'><strong>d</strong></span> <span class='ocrx_word' id='word_1_42' title='bbox 841 805 1016 882; x_wconf 82' lang='lat' dir='ltr'><strong>infelicem</strong></span> <span class='ocrx_word' id='word_1_43' title='bbox 1041 836 1103 910; x_wconf 90' lang='lat' dir='ltr'><strong>pa·</strong></span> 
     </span>
     <span class='ocr_line' id='line_1_8' title="bbox 165 907 1101 1018; baseline 0.001 -42"><span class='ocrx_word' id='word_1_44' title='bbox 165 907 292 978; x_wconf 82' lang='lat' dir='ltr'><strong>tuam!</strong></span> <span class='ocrx_word' id='word_1_45' title='bbox 320 913 340 979; x_wconf 81' lang='lat' dir='ltr'><strong>d</strong></span> <span class='ocrx_word' id='word_1_46' title='bbox 366 908 528 1018; x_wconf 72' lang='lat' dir='ltr'><strong>acerbam</strong></span> <span class='ocrx_word' id='word_1_47' title='bbox 558 907 662 995; x_wconf 82' lang='lat' dir='ltr'><strong>nimis</strong></span> <span class='ocrx_word' id='word_1_48' title='bbox 684 909 798 1008; x_wconf 85' lang='lat' dir='ltr'><strong>gentis</strong></span> <span class='ocrx_word' id='word_1_49' title='bbox 823 924 950 1005; x_wconf 82' lang='lat' dir='ltr'><strong>nostrae</strong></span> <span class='ocrx_word' id='word_1_50' title='bbox 980 907 1101 978; x_wconf 90' lang='lat' dir='ltr'><strong>condi-</strong></span> 
     </span>
     <span class='ocr_line' id='line_1_9' title="bbox 130 1003 1103 1118; baseline 0.002 -44"><span class='ocrx_word' id='word_1_51' title='bbox 130 1035 133 1040; x_wconf 92' lang='lat'>·</span> <span class='ocrx_word' id='word_1_52' title='bbox 163 1005 320 1096; x_wconf 88' lang='lat' dir='ltr'><strong>tionem,</strong></span> <span class='ocrx_word' id='word_1_53' title='bbox 347 1005 404 1078; x_wconf 90' lang='lat' dir='ltr'><strong>cui</strong></span> <span class='ocrx_word' id='word_1_54' title='bbox 426 1031 543 1104; x_wconf 88' lang='lat' dir='ltr'><strong>neque</strong></span> <span class='ocrx_word' id='word_1_55' title='bbox 576 1005 690 1091; x_wconf 88' lang='lat' dir='ltr'><strong>vinci,</strong></span> <span class='ocrx_word' id='word_1_56' title='bbox 718 1031 834 1118; x_wconf 78' lang='lat' dir='ltr'><strong>neque</strong></span> <span class='ocrx_word' id='word_1_57' title='bbox 857 1005 997 1076; x_wconf 82' lang='lat' dir='ltr'><strong>vincere</strong></span> <span class='ocrx_word' id='word_1_58' title='bbox 1027 1003 1103 1076; x_wconf 88' lang='lat' dir='ltr'><strong>sine</strong></span> 
     </span>
     <span class='ocr_line' id='line_1_10' title="bbox 165 1101 1153 1202; baseline 0 -29"><span class='ocrx_word' id='word_1_59' title='bbox 165 1101 294 1173; x_wconf 78' lang='lat' dir='ltr'><strong>civium</strong></span> <span class='ocrx_word' id='word_1_60' title='bbox 311 1102 464 1202; x_wconf 84' lang='lat' dir='ltr'><strong>pernicie</strong></span> <span class='ocrx_word' id='word_1_61' title='bbox 487 1111 526 1173; x_wconf 81' lang='lat' dir='ltr'><strong>ao</strong></span> <span class='ocrx_word' id='word_1_62' title='bbox 542 1101 714 1175; x_wconf 85' lang='lat' dir='ltr'><strong>libertatis</strong></span> <span class='ocrx_word' id='word_1_63' title='bbox 730 1103 842 1176; x_wconf 65' lang='lat' dir='ltr'><strong>&#39;e‘xttio</strong></span> <span class='ocrx_word' id='word_1_64' title='bbox 866 1103 1027 1200; x_wconf 79' lang='lat' dir='ltr'><strong>deinceps</strong></span> <span class='ocrx_word' id='word_1_65' title='bbox 1051 1101 1100 1173; x_wconf 92' lang='lat' dir='ltr'><strong>-li-</strong></span> <span class='ocrx_word' id='word_1_66' title='bbox 1147 1177 1153 1190; x_wconf 66' lang='lat'>‚</span> 
     </span>
     <span class='ocr_line' id='line_1_11' title="bbox 161 1198 1104 1297; baseline 0.002 -27"><span class='ocrx_word' id='word_1_67' title='bbox 161 1198 276 1270; x_wconf 85' lang='lat' dir='ltr'><strong>oebit!</strong></span> <span class='ocrx_word' id='word_1_68' title='bbox 311 1199 409 1292; x_wconf 86' lang='lat' dir='ltr'><strong>Quid</strong></span> <span class='ocrx_word' id='word_1_69' title='bbox 435 1199 533 1271; x_wconf 87' lang='lat' dir='ltr'><strong>enim</strong></span> <span class='ocrx_word' id='word_1_70' title='bbox 561 1199 704 1297; x_wconf 86' lang='lat' dir='ltr'><strong>posthac</strong></span> <span class='ocrx_word' id='word_1_71' title='bbox 733 1203 906 1273; x_wconf 78' lang='lat' dir='ltr'><strong>durentus</strong></span> <span class='ocrx_word' id='word_1_72' title='bbox 943 1201 1104 1272; x_wconf 79' lang='lat' dir='ltr'><strong>Romana</strong></span> 
     </span>
     <span class='ocr_line' id='line_1_12' title="bbox 160 1292 1104 1396; baseline -0.001 -29"><span class='ocrx_word' id='word_1_73' title='bbox 160 1298 290 1368; x_wconf 78' lang='lat' dir='ltr'><strong>naturd</strong></span> <span class='ocrx_word' id='word_1_74' title='bbox 330 1299 395 1368; x_wconf 76' lang='lat' dir='ltr'><strong>sud</strong></span> <span class='ocrx_word' id='word_1_75' title='bbox 428 1292 549 1388; x_wconf 86' lang='lat' dir='ltr'><strong>ferox,</strong></span> <span class='ocrx_word' id='word_1_76' title='bbox 572 1314 612 1367; x_wconf 90' lang='lat' dir='ltr'><strong>et</strong></span> <span class='ocrx_word' id='word_1_77' title='bbox 625 1297 844 1395; x_wconf 87' lang='lat' dir='ltr'><strong>impunitatis</strong></span> <span class='ocrx_word' id='word_1_78' title='bbox 864 1297 1104 1396; x_wconf 79' lang='lat' dir='ltr'><strong>expectatione</strong></span> 
     </span>
     <span class='ocr_line' id='line_1_13' title="bbox 163 1391 1105 1494; baseline -0.001 -30"><span class='ocrx_word' id='word_1_79' title='bbox 163 1391 368 1464; x_wconf 81' lang='lat' dir='ltr'><strong>confirmata</strong></span> <span class='ocrx_word' id='word_1_80' title='bbox 391 1420 462 1464; x_wconf 86' lang='lat' dir='ltr'><strong>non</strong></span> <span class='ocrx_word' id='word_1_81' title='bbox 494 1392 666 1464; x_wconf 79' lang='lat' dir='ltr'><strong>audebit?</strong></span> <span class='ocrx_word' id='word_1_82' title='bbox 697 1421 784 1494; x_wconf 91' lang='lat' dir='ltr'><strong>quos</strong></span> <span class='ocrx_word' id='word_1_83' title='bbox 813 1394 997 1494; x_wconf 74' lang='lat' dir='ltr'><strong>cupiditati</strong></span> <span class='ocrx_word' id='word_1_84' title='bbox 1031 1419 1105 1472; x_wconf 71' lang='lat' dir='ltr'><strong>suae</strong></span> 
     </span>
     <span class='ocr_line' id='line_1_14' title="bbox 163 1488 1105 1592; baseline -0.001 -31"><span class='ocrx_word' id='word_1_85' title='bbox 163 1489 277 1581; x_wconf 87' lang='lat' dir='ltr'><strong>fines,</strong></span> <span class='ocrx_word' id='word_1_86' title='bbox 301 1516 388 1588; x_wconf 87' lang='lat' dir='ltr'><strong>qnos</strong></span> <span class='ocrx_word' id='word_1_87' title='bbox 405 1490 622 1590; x_wconf 81' lang='lat' dir='ltr'><strong>impotentiae</strong></span> <span class='ocrx_word' id='word_1_88' title='bbox 644 1488 759 1562; x_wconf 88' lang='lat' dir='ltr'><strong>frenos</strong></span> <span class='ocrx_word' id='word_1_89' title='bbox 773 1491 906 1592; x_wconf 88' lang='lat' dir='ltr'><strong>imponi</strong></span> <span class='ocrx_word' id='word_1_90' title='bbox 924 1488 1105 1590; x_wconf 65' lang='lat' dir='ltr'><strong>patieturi</strong></span> 
     </span>
     <span class='ocr_line' id='line_1_15' title="bbox 167 1584 1107 1679; baseline 0 -21"><span class='ocrx_word' id='word_1_91' title='bbox 167 1587 258 1679; x_wconf 86' lang='lat' dir='ltr'><strong>Quis</strong></span> <span class='ocrx_word' id='word_1_92' title='bbox 277 1589 348 1659; x_wconf 80' lang='lat' dir='ltr'><strong>¹erit</strong></span> <span class='ocrx_word' id='word_1_93' title='bbox 366 1587 489 1661; x_wconf 71' lang='lat' dir='ltr'><strong>vinosi</strong></span> <span class='ocrx_word' id='word_1_94' title='bbox 508 1587 633 1659; x_wconf 90' lang='lat' dir='ltr'><strong>modus</strong></span> <span class='ocrx_word' id='word_1_95' title='bbox 647 1639 659 1678; x_wconf 88' lang='lat'><strong><em>‚</em></strong></span> <span class='ocrx_word' id='word_1_96' title='bbox 675 1588 869 1660; x_wconf 84' lang='lat' dir='ltr'><strong>cuirerum</strong></span> <span class='ocrx_word' id='word_1_97' title='bbox 881 1588 975 1666; x_wconf 66' lang='lat' dir='ltr'><strong>,bene</strong></span> <span class='ocrx_word' id='word_1_98' title='bbox 995 1613 1036 1658; x_wconf 89' lang='lat' dir='ltr'><strong>ao</strong></span> <span class='ocrx_word' id='word_1_99' title='bbox 1050 1584 1107 1658; x_wconf 84' lang='lat' dir='ltr'><strong>fe-</strong></span> 
     </span>
     <span class='ocr_line' id='line_1_16' title="bbox 166 1679 1110 1798; baseline 0 -43"><span class='ocrx_word' id='word_1_100' title='bbox 166 1683 281 1756; x_wconf 86' lang='lat' dir='ltr'><strong>liciter</strong></span> <span class='ocrx_word' id='word_1_101' title='bbox 313 1694 492 1798; x_wconf 70' lang='lat' dir='ltr'><strong>gestarum</strong></span> <span class='ocrx_word' id='word_1_102' title='bbox 515 1685 625 1786; x_wconf 80' lang='lat' dir='ltr'><strong>gloria</strong></span> <span class='ocrx_word' id='word_1_103' title='bbox 653 1712 786 1758; x_wconf 36' lang='lat' dir='ltr'><strong>&#39;novam</strong></span> <span class='ocrx_word' id='word_1_104' title='bbox 813 1686 945 1764; x_wconf 74' lang='lat' dir='ltr'><strong>innatas</strong></span> <span class='ocrx_word' id='word_1_105' title='bbox 968 1679 1110 1756; x_wconf 77' lang='lat' dir='ltr'><strong>ferooiae</strong></span> 
     </span>
     <span class='ocr_line' id='line_1_17' title="bbox 164 1779 1107 1882; baseline 0 -30"><span class='ocrx_word' id='word_1_106' title='bbox 164 1781 389 1854; x_wconf 77' lang='lat' dir='ltr'><strong>insolentiam</strong></span> <span class='ocrx_word' id='word_1_107' title='bbox 400 1782 561 1882; x_wconf 68' lang='lat' dir='ltr'><strong>adjiotett</strong></span> <span class='ocrx_word' id='word_1_108' title='bbox 571 1783 735 1855; x_wconf 82' lang='lat' dir='ltr'><strong>Victoriae</strong></span> <span class='ocrx_word' id='word_1_109' title='bbox 746 1781 873 1854; x_wconf 76' lang='lat' dir='ltr'><strong>sedicet</strong></span> <span class='ocrx_word' id='word_1_110' title='bbox 882 1811 922 1854; x_wconf 89' lang='lat' dir='ltr'><strong>sc</strong></span> <span class='ocrx_word' id='word_1_111' title='bbox 936 1779 1107 1879; x_wconf 79' lang='lat' dir='ltr'><strong>trophaeo·</strong></span> 
     </span>
     <span class='ocr_line' id='line_1_18' title="bbox 164 1877 1105 1980; baseline -0.002 -30"><span class='ocrx_word' id='word_1_112' title='bbox 164 1907 245 1950; x_wconf 88' lang='lat' dir='ltr'><strong>rum</strong></span> <span class='ocrx_word' id='word_1_113' title='bbox 273 1880 311 1952; x_wconf 86' lang='lat' dir='ltr'><strong>in</strong></span> <span class='ocrx_word' id='word_1_114' title='bbox 336 1879 465 1952; x_wconf 64' lang='lat' dir='ltr'><strong>umbra</strong></span> <span class='ocrx_word' id='word_1_115' title='bbox 489 1895 588 1952; x_wconf 84' lang='lat' dir='ltr'><strong>tutus</strong></span> <span class='ocrx_word' id='word_1_116' title='bbox 612 1879 746 1966; x_wconf 80' lang='lat' dir='ltr'><strong>caedes,</strong></span> <span class='ocrx_word' id='word_1_117' title='bbox 772 1880 913 1980; x_wconf 84' lang='lat' dir='ltr'><strong>rapinas</strong></span> <span class='ocrx_word' id='word_1_118' title='bbox 926 1929 937 1970; x_wconf 86' lang='lat'><strong>,</strong></span> <span class='ocrx_word' id='word_1_119' title='bbox 950 1877 1105 1977; x_wconf 81' lang='lat' dir='ltr'><strong>‘parrici-</strong></span> 
     </span>
     <span class='ocr_line' id='line_1_19' title="bbox 165 1975 1108 2091; baseline -0.002 -44"><span class='ocrx_word' id='word_1_120' title='bbox 165 1977 249 2067; x_wconf 90' lang='lat' dir='ltr'><strong>dia,</strong></span> <span class='ocrx_word' id='word_1_121' title='bbox 273 1993 335 2070; x_wconf 89' lang='lat' dir='ltr'><strong>et,</strong></span> <span class='ocrx_word' id='word_1_122' title='bbox 357 1977 386 2050; x_wconf 91' lang='lat' dir='ltr'><strong>si</strong></span> <span class='ocrx_word' id='word_1_123' title='bbox 414 1978 509 2091; x_wconf 68' lang='lat' dir='ltr'><strong>quod</strong></span> <span class='ocrx_word' id='word_1_124' title='bbox 521 1977 630 2049; x_wconf 82' lang='lat' dir='ltr'><strong>¹aliud</strong></span> <span class='ocrx_word' id='word_1_125' title='bbox 650 1977 853 2049; x_wconf 79' lang='lat' dir='ltr'><strong>robustioris</strong></span> <span class='ocrx_word' id='word_1_126' title='bbox 873 1975 1108 2076; x_wconf 84' lang='lat' dir='ltr'><strong>improbitatis</strong></span> 
     </span>
     <span class='ocr_line' id='line_1_20' title="bbox 145 2063 1110 2176; baseline -0.001 -32"><span class='ocrx_word' id='word_1_127' title='bbox 145 2073 354 2176; x_wconf 80' lang='lat' dir='ltr'><strong>&#39;excogitari</strong></span> <span class='ocrx_word' id='word_1_128' title='bbox 376 2072 511 2148; x_wconf 78' lang='lat' dir='ltr'><strong>facium</strong></span> <span class='ocrx_word' id='word_1_129' title='bbox 538 2090 672 2173; x_wconf 83' lang='lat' dir='ltr'><strong>potest,</strong></span> <span class='ocrx_word' id='word_1_130' title='bbox 693 2063 839 2175; x_wconf 76' lang='lat' dir='ltr'><strong>iinpune</strong></span> <span class='ocrx_word' id='word_1_131' title='bbox 865 2065 1110 2176; x_wconf 59' lang='lat' dir='ltr'><strong>perpetrabit?</strong></span> 
     </span>
     <span class='ocr_line' id='line_1_21' title="bbox 165 2170 1108 2272; baseline 0.001 -31"><span class='ocrx_word' id='word_1_132' title='bbox 165 2227 170 2234; x_wconf 92' lang='lat'><em>.</em></span> <span class='ocrx_word' id='word_1_133' title='bbox 206 2171 362 2244; x_wconf 77' lang='lat' dir='ltr'><strong>&#39;Atenim</strong></span> <span class='ocrx_word' id='word_1_134' title='bbox 383 2170 504 2246; x_wconf 78' lang='lat' dir='ltr'><strong>infelix</strong></span> <span class='ocrx_word' id='word_1_135' title='bbox 519 2173 622 2244; x_wconf 87' lang='lat' dir='ltr'><strong>Soror</strong></span> <span class='ocrx_word' id='word_1_136' title='bbox 642 2171 751 2270; x_wconf 88' lang='lat' dir='ltr'><strong>spolia</strong></span> <span class='ocrx_word' id='word_1_137' title='bbox 764 2173 926 2272; x_wconf 85' lang='lat' dir='ltr'><strong>desponsi</strong></span> <span class='ocrx_word' id='word_1_138' title='bbox 946 2171 1108 2243; x_wconf 90' lang='lat' dir='ltr'><strong>sibicon·</strong></span> 
     </span>
     <span class='ocr_line' id='line_1_22' title="bbox 165 2263 1111 2380; baseline 0 -41"><span class='ocrx_word' id='word_1_139' title='bbox 165 2267 258 2368; x_wconf 84' lang='lat' dir='ltr'><strong>jugis</strong></span> <span class='ocrx_word' id='word_1_140' title='bbox 286 2268 456 2380; x_wconf 78' lang='lat' dir='ltr'><strong>sanguine</strong></span> <span class='ocrx_word' id='word_1_141' title='bbox 484 2263 669 2338; x_wconf 70' lang='lat' dir='ltr'><strong>cruentata</strong></span> <span class='ocrx_word' id='word_1_142' title='bbox 693 2269 767 2340; x_wconf 81' lang='lat' dir='ltr'><strong>sine</strong></span> <span class='ocrx_word' id='word_1_143' title='bbox 800 2269 918 2340; x_wconf 88' lang='lat' dir='ltr'><strong>dolore</strong></span> <span class='ocrx_word' id='word_1_144' title='bbox 953 2268 1111 2365; x_wconf 77' lang='lat' dir='ltr'><strong>aspicere</strong></span> 
     </span>
     <span class='ocr_line' id='line_1_23' title="bbox 166 2362 1217 2464; baseline -0.001 -29"><span class='ocrx_word' id='word_1_145' title='bbox 166 2391 238 2436; x_wconf 86' lang='lat' dir='ltr'><strong>non</strong></span> <span class='ocrx_word' id='word_1_146' title='bbox 265 2379 411 2464; x_wconf 80' lang='lat' dir='ltr'><strong>potuit:</strong></span> <span class='ocrx_word' id='word_1_147' title='bbox 442 2363 622 2436; x_wconf 80' lang='lat' dir='ltr'><strong>dscelusl</strong></span> <span class='ocrx_word' id='word_1_148' title='bbox 648 2363 840 2436; x_wconf 81' lang='lat' dir='ltr'><strong>occisu‘md</strong></span> <span class='ocrx_word' id='word_1_149' title='bbox 872 2365 997 2438; x_wconf 85' lang='lat' dir='ltr'><strong>Fratre</strong></span> <span class='ocrx_word' id='word_1_150' title='bbox 1019 2362 1110 2434; x_wconf 84' lang='lat' dir='ltr'><strong>luxit</strong></span> <span class='ocrx_word' id='word_1_151' title='bbox 1214 2418 1217 2426; x_wconf 84' lang='lat'><em>.</em></span> 
     </span>
     <span class='ocr_line' id='line_1_24' title="bbox 166 2457 1111 2574; baseline -0.003 -41"><span class='ocrx_word' id='word_1_152' title='bbox 166 2460 374 2574; x_wconf 74' lang='lat' dir='ltr'><strong>conjugem,</strong></span> <span class='ocrx_word' id='word_1_153' title='bbox 415 2465 437 2532; x_wconf 85' lang='lat' dir='ltr'><strong>b</strong></span> <span class='ocrx_word' id='word_1_154' title='bbox 476 2458 672 2561; x_wconf 81' lang='lat' dir='ltr'><strong>impietas!</strong></span> <span class='ocrx_word' id='word_1_155' title='bbox 723 2457 902 2532; x_wconf 81' lang='lat' dir='ltr'><strong>flebilibus</strong></span> <span class='ocrx_word' id='word_1_156' title='bbox 945 2457 1111 2560; x_wconf 70' lang='lat' dir='ltr'><strong>lacrymis</strong></span> 
     </span>
     <span class='ocr_line' id='line_1_25' title="bbox 168 2553 1111 2727; baseline -0.002 -97"><span class='ocrx_word' id='word_1_157' title='bbox 168 2585 283 2661; x_wconf 77' lang='lat' dir='ltr'><strong>spons}</strong></span> <span class='ocrx_word' id='word_1_158' title='bbox 317 2557 729 2727; x_wconf 66' lang='lat' dir='ltr'><strong>manibusparentavit3</strong></span> <span class='ocrx_word' id='word_1_159' title='bbox 755 2563 781 2630; x_wconf 75' lang='lat' dir='ltr'><strong>&#39;b</strong></span> <span class='ocrx_word' id='word_1_160' title='bbox 813 2553 840 2630; x_wconf 88' lang='lat' dir='ltr'>fl</span> <span class='ocrx_word' id='word_1_161' title='bbox 887 2557 988 2640; x_wconf 81' lang='lat' dir='ltr'><strong>&#39;&#39;um</strong></span> <span class='ocrx_word' id='word_1_162' title='bbox 1013 2555 1111 2628; x_wconf 86' lang='lat' dir='ltr'><strong>nullo</strong></span> 
     </span>
     <span class='ocr_line' id='line_1_26' title="bbox 169 2654 1109 2758; baseline -0.003 -30"><span class='ocrx_word' id='word_1_163' title='bbox 169 2659 252 2728; x_wconf 87' lang='lat' dir='ltr'><strong>satis</strong></span> <span class='ocrx_word' id='word_1_164' title='bbox 291 2657 391 2757; x_wconf 85' lang='lat' dir='ltr'><strong>gravi</strong></span> <span class='ocrx_word' id='word_1_165' title='bbox 421 2681 513 2758; x_wconf 84' lang='lat' dir='ltr'><strong>supp</strong></span> <span class='ocrx_word' id='word_1_166' title='bbox 528 2654 850 2753; x_wconf 83' lang='lat' dir='ltr'><strong>&#39;cioexpianduml</strong></span> <span class='ocrx_word' id='word_1_167' title='bbox 908 2681 978 2726; x_wconf 84' lang='lat' dir='ltr'><strong>une</strong></span> <span class='ocrx_word' id='word_1_168' title='bbox 1004 2681 1109 2754; x_wconf 84' lang='lat' dir='ltr'><strong>ergo,</strong></span> 
     </span>
     <span class='ocr_line' id='line_1_27' title="bbox 167 2751 1110 2853; baseline -0.001 -30"><span class='ocrx_word' id='word_1_169' title='bbox 167 2753 316 2842; x_wconf 89' lang='lat' dir='ltr'><strong>Horati,</strong></span> <span class='ocrx_word' id='word_1_170' title='bbox 345 2755 515 2853; x_wconf 85' lang='lat' dir='ltr'><strong>pietatem</strong></span> <span class='ocrx_word' id='word_1_171' title='bbox 537 2752 644 2846; x_wconf 70' lang='lat' dir='ltr'><strong>titio,</strong></span> <span class='ocrx_word' id='word_1_172' title='bbox 670 2752 839 2830; x_wconf 61' lang='lat' dir='ltr'><strong>vitutem</strong></span> <span class='ocrx_word' id='word_1_173' title='bbox 863 2751 1001 2826; x_wconf 86' lang='lat' dir='ltr'><strong>crimini</strong></span> <span class='ocrx_word' id='word_1_174' title='bbox 1030 2779 1110 2823; x_wconf 78' lang='lat' dir='ltr'><strong>ver·</strong></span> 
     </span>
     <span class='ocr_line' id='line_1_28' title="bbox 166 2848 1110 2951; baseline 0 -31"><span class='ocrx_word' id='word_1_175' title='bbox 166 2851 311 2922; x_wconf 83' lang='lat' dir='ltr'><strong>tendam</strong></span> <span class='ocrx_word' id='word_1_176' title='bbox 333 2849 533 2922; x_wconf 65' lang='lat' dir='ltr'><strong>arbitraris?</strong></span> <span class='ocrx_word' id='word_1_177' title='bbox 553 2879 600 2922; x_wconf 89' lang='lat' dir='ltr'><strong>an</strong></span> <span class='ocrx_word' id='word_1_178' title='bbox 622 2879 693 2923; x_wconf 87' lang='lat' dir='ltr'><strong>non</strong></span> <span class='ocrx_word' id='word_1_179' title='bbox 726 2848 860 2951; x_wconf 86' lang='lat' dir='ltr'><strong>aliquid</strong></span> <span class='ocrx_word' id='word_1_180' title='bbox 888 2849 933 2920; x_wconf 91' lang='lat' dir='ltr'><strong>de</strong></span> <span class='ocrx_word' id='word_1_181' title='bbox 956 2849 1110 2920; x_wconf 74' lang='lat' dir='ltr'><strong>victoriae</strong></span> 
     </span>
     <span class='ocr_line' id='line_1_29' title="bbox 167 2945 1110 3040; baseline 0 -22"><span class='ocrx_word' id='word_1_182' title='bbox 167 2946 295 3020; x_wconf 77' lang='lat' dir='ltr'><strong>ferocid</strong></span> <span class='ocrx_word' id='word_1_183' title='bbox 321 2947 501 3024; x_wconf 80' lang='lat' dir='ltr'><strong>remittere</strong></span> <span class='ocrx_word' id='word_1_184' title='bbox 535 2964 571 3018; x_wconf 86' lang='lat' dir='ltr'><strong>te</strong></span> <span class='ocrx_word' id='word_1_185' title='bbox 583 2999 595 3040; x_wconf 89' lang='lat'>‚</span> <span class='ocrx_word' id='word_1_186' title='bbox 634 2963 676 3019; x_wconf 86' lang='lat' dir='ltr'><strong>ut</strong></span> <span class='ocrx_word' id='word_1_187' title='bbox 706 2945 860 3020; x_wconf 86' lang='lat' dir='ltr'><strong>liberum</strong></span> <span class='ocrx_word' id='word_1_188' title='bbox 888 2945 1005 3018; x_wconf 85' lang='lat' dir='ltr'><strong>Sorori</strong></span> <span class='ocrx_word' id='word_1_189' title='bbox 1037 2962 1110 3018; x_wconf 85' lang='lat' dir='ltr'><strong>tuse</strong></span> 
     </span>
     <span class='ocr_line' id='line_1_30' title="bbox 167 3035 1220 3153; baseline 0.001 -38"><span class='ocrx_word' id='word_1_190' title='bbox 167 3035 324 3144; x_wconf 80' lang='lat' dir='ltr'><strong>dolorem</strong></span> <span class='ocrx_word' id='word_1_191' title='bbox 337 3044 580 3143; x_wconf 63' lang='lat' dir='ltr'><strong>permitteres?</strong></span> <span class='ocrx_word' id='word_1_192' title='bbox 596 3071 643 3116; x_wconf 86' lang='lat' dir='ltr'><strong>an</strong></span> <span class='ocrx_word' id='word_1_193' title='bbox 659 3069 729 3116; x_wconf 84' lang='lat' dir='ltr'><strong>non</strong></span> <span class='ocrx_word' id='word_1_194' title='bbox 749 3043 806 3116; x_wconf 76' lang='lat' dir='ltr'><strong>vel</strong></span> <span class='ocrx_word' id='word_1_195' title='bbox 821 3043 974 3143; x_wconf 85' lang='lat' dir='ltr'><strong>patriam</strong></span> <span class='ocrx_word' id='word_1_196' title='bbox 997 3042 1110 3153; x_wconf 81' lang='lat' dir='ltr'><strong>ipsam</strong></span> <span class='ocrx_word' id='word_1_197' title='bbox 1215 3039 1220 3050; x_wconf 76' lang='lat'>&#39;</span> 
     </span>
    </p>
   </div>
   <div class='ocr_carea' id='block_1_3' title="bbox 168 3135 1239 3256">
    <p class='ocr_par' dir='ltr' id='par_1_3' title="bbox 168 3135 1239 3256">
     <span class='ocr_line' id='line_1_31' title="bbox 168 3135 1239 3256; baseline -0.003 -43"><span class='ocrx_word' id='word_1_198' title='bbox 168 3142 339 3256; x_wconf 75' lang='lat' dir='ltr'><strong>tantisper</strong></span> <span class='ocrx_word' id='word_1_199' title='bbox 367 3139 548 3252; x_wconf 78' lang='lat' dir='ltr'><strong>oblivisci,</strong></span> <span class='ocrx_word' id='word_1_200' title='bbox 568 3158 609 3214; x_wconf 87' lang='lat' dir='ltr'><strong>nt</strong></span> <span class='ocrx_word' id='word_1_201' title='bbox 638 3135 773 3241; x_wconf 88' lang='lat' dir='ltr'><strong>aliquid</strong></span> <span class='ocrx_word' id='word_1_202' title='bbox 790 3157 953 3244; x_wconf 81' lang='lat' dir='ltr'><strong>naturae,</strong></span> <span class='ocrx_word' id='word_1_203' title='bbox 974 3139 1110 3238; x_wconf 76' lang='lat' dir='ltr'><strong>aliquid</strong></span> <span class='ocrx_word' id='word_1_204' title='bbox 1224 3135 1239 3144; x_wconf 56' lang='lat'><strong>&#39;&#39;</strong></span> 
     </span>
    </p>
   </div>
   <div class='ocr_carea' id='block_1_4' title="bbox 168 3237 758 3408">
    <p class='ocr_par' dir='ltr' id='par_1_4' title="bbox 168 3237 758 3408">
     <span class='ocr_line' id='line_1_32' title="bbox 168 3237 758 3408; baseline -0.003 -98"><span class='ocrx_word' id='word_1_205' title='bbox 168 3255 292 3340; x_wconf 73' lang='lat' dir='ltr'><strong>pietati</strong></span> <span class='ocrx_word' id='word_1_206' title='bbox 309 3263 506 3338; x_wconf 60' lang='lat' dir='ltr'><strong>conjugum</strong></span> <span class='ocrx_word' id='word_1_207' title='bbox 523 3238 723 3408; x_wconf 63' lang='lat' dir='ltr'><strong>indnlffires</strong></span> <span class='ocrx_word' id='word_1_208' title='bbox 733 3237 758 3308; x_wconf 75' lang='lat' dir='ltr'><strong>i·</strong></span> 
     </span>
    </p>
   </div>
   <div class='ocr_carea' id='block_1_5' title="bbox 166 3335 1110 3832">
    <p class='ocr_par' dir='ltr' id='par_1_5' title="bbox 166 3335 1110 3832">
     <span class='ocr_line' id='line_1_33' title="bbox 185 3335 624 3448; baseline -0.005 -40"><span class='ocrx_word' id='word_1_209' title='bbox 185 3349 188 3354; x_wconf 87' lang='lat'>&#39;</span> <span class='ocrx_word' id='word_1_210' title='bbox 219 3335 289 3408; x_wconf 85' lang='lat' dir='ltr'><strong>Sed</strong></span> <span class='ocrx_word' id='word_1_211' title='bbox 309 3352 383 3408; x_wconf 87' lang='lat' dir='ltr'><strong>esto</strong></span> <span class='ocrx_word' id='word_1_212' title='bbox 404 3365 413 3406; x_wconf 85' lang='grc' dir='ltr'>ι</span> <span class='ocrx_word' id='word_1_213' title='bbox 434 3335 624 3448; x_wconf 85' lang='lat' dir='ltr'><strong>peccsriti</strong></span> 
     </span>
     <span class='ocr_line' id='line_1_34' title="bbox 169 3429 1109 3602; baseline -0.004 -98"><span class='ocrx_word' id='word_1_214' title='bbox 169 3434 340 3533; x_wconf 84' lang='lat' dir='ltr'><strong>sanguine</strong></span> <span class='ocrx_word' id='word_1_215' title='bbox 358 3433 466 3602; x_wconf 56' lang='lat' dir='ltr'><strong>sppha</strong></span> <span class='ocrx_word' id='word_1_216' title='bbox 488 3449 650 3528; x_wconf 77' lang='lat' dir='ltr'><strong>execrata</strong></span> <span class='ocrx_word' id='word_1_217' title='bbox 668 3445 734 3505; x_wconf 84' lang='lat' dir='ltr'><strong>est.</strong></span> <span class='ocrx_word' id='word_1_218' title='bbox 756 3429 920 3506; x_wconf 81' lang='lat' dir='ltr'><strong>Nihilne</strong></span> <span class='ocrx_word' id='word_1_219' title='bbox 946 3429 1013 3502; x_wconf 87' lang='lat' dir='ltr'><strong>sibi</strong></span> <span class='ocrx_word' id='word_1_220' title='bbox 1029 3431 1109 3500; x_wconf 84' lang='lat' dir='ltr'><strong>vin·-</strong></span> 
     </span>
     <span class='ocr_line' id='line_1_35' title="bbox 167 3525 1110 3621; baseline -0.003 -20"><span class='ocrx_word' id='word_1_221' title='bbox 167 3531 261 3602; x_wconf 88' lang='lat' dir='ltr'><strong>dicct</strong></span> <span class='ocrx_word' id='word_1_222' title='bbox 277 3531 385 3604; x_wconf 90' lang='lat' dir='ltr'><strong>mulie</strong></span> <span class='ocrx_word' id='word_1_223' title='bbox 411 3530 458 3602; x_wconf 89' lang='lat' dir='ltr'><strong>ris</strong></span> <span class='ocrx_word' id='word_1_224' title='bbox 479 3527 693 3621; x_wconf 42' lang='lat' dir='ltr'><strong>infirmitate</strong></span> <span class='ocrx_word' id='word_1_225' title='bbox 715 3525 803 3604; x_wconf 83' lang='lat' dir='ltr'><strong>nihil</strong></span> <span class='ocrx_word' id='word_1_226' title='bbox 823 3531 925 3602; x_wconf 72' lang='lat' dir='ltr'><strong>semla</strong></span> <span class='ocrx_word' id='word_1_227' title='bbox 950 3526 1110 3602; x_wconf 80' lang='lat' dir='ltr'><strong>imbecil-</strong></span> 
     </span>
     <span class='ocr_line' id='line_1_36' title="bbox 167 3619 1109 3726; baseline 0.002 -30"><span class='ocrx_word' id='word_1_228' title='bbox 167 3627 248 3697; x_wconf 89' lang='lat' dir='ltr'><strong>litas</strong></span> <span class='ocrx_word' id='word_1_229' title='bbox 264 3619 528 3704; x_wconf 73' lang='lat' dir='ltr'><strong>exoreti;Nihil</strong></span> <span class='ocrx_word' id='word_1_230' title='bbox 540 3625 671 3700; x_wconf 75' lang='lat' dir='ltr'><strong>nesibi</strong></span> <span class='ocrx_word' id='word_1_231' title='bbox 750 3625 839 3698; x_wconf 87' lang='lat' dir='ltr'><strong>tulet</strong></span> <span class='ocrx_word' id='word_1_232' title='bbox 852 3625 983 3726; x_wconf 83' lang='lat' dir='ltr'><strong>ignosci</strong></span> <span class='ocrx_word' id='word_1_233' title='bbox 998 3625 1109 3701; x_wconf 73' lang='lat' dir='ltr'><strong>unica</strong></span> 
     </span>
     <span class='ocr_line' id='line_1_37' title="bbox 166 3653 1107 3832; baseline 0.003 -37"><span class='ocrx_word' id='word_1_234' title='bbox 166 3725 300 3818; x_wconf 85' lang='lat' dir='ltr'><strong>Soror,</strong></span> <span class='ocrx_word' id='word_1_235' title='bbox 332 3753 411 3828; x_wconf 78' lang='lat' dir='ltr'><strong>quae</strong></span> <span class='ocrx_word' id='word_1_236' title='bbox 445 3724 602 3828; x_wconf 81' lang='lat' dir='ltr'><strong>conjugis</strong></span> <span class='ocrx_word' id='word_1_237' title='bbox 630 3725 668 3798; x_wconf 88' lang='lat' dir='ltr'><strong>in</strong></span> <span class='ocrx_word' id='word_1_238' title='bbox 685 3653 814 3832; x_wconf 56' lang='lat' dir='ltr'><strong>lilibus</strong></span> <span class='ocrx_word' id='word_1_239' title='bbox 847 3719 1107 3830; x_wconf 73' lang='lat' dir='ltr'><strong>interfectorem</strong></span> 
     </span>
    </p>
   </div>
   <div class='ocr_carea' id='block_1_6' title="bbox 682 3334 1111 3433">
    <p class='ocr_par' dir='ltr' id='par_1_6' title="bbox 682 3334 1111 3433">
     <span class='ocr_line' id='line_1_38' title="bbox 682 3334 1111 3433; baseline -0.005 -27"><span class='ocrx_word' id='word_1_240' title='bbox 682 3386 705 3425; x_wconf 80' lang='grc'><strong>,,</strong></span> <span class='ocrx_word' id='word_1_241' title='bbox 721 3335 808 3406; x_wconf 78' lang='lat' dir='ltr'><strong>dism</strong></span> <span class='ocrx_word' id='word_1_242' title='bbox 827 3349 973 3408; x_wconf 77' lang='lat' dir='ltr'><strong>muento</strong></span> <span class='ocrx_word' id='word_1_243' title='bbox 992 3334 1111 3433; x_wconf 83' lang='lat' dir='ltr'><strong>sponsi</strong></span> 
     </span>
    </p>
   </div>
   <div class='ocr_carea' id='block_1_7' title="bbox 0 0 1388 4414">
    <p class='ocr_par' dir='ltr' id='par_1_7' title="bbox 0 0 1388 4414">
     <span class='ocr_line' id='line_1_39' title="bbox 0 0 1388 4414; baseline 0 0"><span class='ocrx_word' id='word_1_244' title='bbox 0 0 1388 4414; x_wconf 95' lang='lat' dir='ltr'><strong> </strong></span> 
     </span>
    </p>
   </div>
  </div>
 </body>
</html>
