2760 4416
163 217 166 228 .
262 183 265 195 ⁴
331 158 403 230 512
592 159 1000 225 narro'nrcm

279 294 282 302 ’
331 274 511 380 deposcitl
528 274 615 376 quid
629 273 823 366 molestius,
836 277 945 375 quam
961 273 1109 352 obtundi
1127 274 1271 388 litigan-

329 379 421 448 tium
437 371 672 464 clamoribus,
692 375 742 443 im
768 374 818 444 eti
838 371 1047 465 calumniis,
1074 373 1270 444 maledictis

330 471 532 584 prouocari,
557 498 672 583 neque
699 497 725 542 u
764 497 806 541 us
836 497 996 582 unquam
1022 498 1120 570 posse
1140 468 1271 542 mereri

137 617 163 646 ,κ
262 659 264 663 ι
329 585 507 739 gratiam,
529 596 616 670 qum
632 567 775 639 alterius
795 567 968 640 invidiam
989 583 1095 668 atque
1114 567 1271 642 maleto·

345 669 475 740 entiam
492 667 673 738 incurras?
1182 703 1184 717 ›

248 760 253 772 “
382 765 515 836 Saltem
531 763 560 833 si
576 757 648 864 qua
661 789 731 862 pax
746 761 844 833 domi
857 778 894 833 et
918 777 998 834 tran
1023 761 1153 834 uillitas
1170 760 1273 832 labo-

332 855 387 934 res
407 859 472 932 fori
486 861 659 960 exciperet
668 889 679 952 3
702 859 730 929 si
743 887 822 959 pars
836 859 964 972 quietis
980 789 1054 932 uba
1076 876 1191 959 posset
1207 885 1272 930 ex-

357 958 484 1030 ecrari!
506 959 641 1030 Verdm
657 973 826 1057 quantam
847 957 919 1028 illic
935 985 1055 1030 rerum
1073 955 1202 1028 molem
1218 954 1275 1028 os·

331 987 532 1128 iendimus!
559 1055 667 1125 Plena
694 1051 909 1154 litigantium
941 1055 1022 1126 aula
1050 1071 1086 1126 te
1105 1055 1275 1128 reducem

332 1153 535 1253 opperitur,
556 1180 643 1253 quos
660 1152 720 1222 vix
736 1151 856 1224 missos
871 1147 1016 1244 leceris,
1035 1157 1114 1223 cum
1130 1151 1276 1252 pulsan·

335 1267 393 1322 tur
412 1247 502 1322 fores
523 1250 569 1321 ab
589 1249 691 1341 aliis3
709 1248 838 1350 quibus
855 1249 899 1320 de
918 1245 995 1362 jure
1011 1277 1074 1320 suo
1093 1249 1276 1322 cousulen-

334 1349 429 1420 tibus
453 1349 522 1418 nisi
541 1347 773 1447 respondeas,
796 1363 859 1420 aut
876 1345 1048 1446 injustus,
1068 1363 1131 1418 aut
1150 1345 1272 1436 deses,
1348 1403 1356 1427 2

333 1463 397 1517 aut
416 1445 600 1546 imperitus
613 1444 778 1516 habeare.
792 1443 937 1514 Interim
949 1444 1025 1514 abit
1036 1445 1147 1531 dedic
1188 1443 1276 1514 uod-

333 1569 487 1644 cumque
513 1559 717 1647 supererat,
747 1558 784 1612 et
807 1569 876 1612 nox
900 1541 1053 1613 succedit
1078 1569 1148 1612 non
1163 1471 1275 1612 labo-

333 1642 425 1712 riosa
440 1640 554 1712 minus
577 1668 617 1712 ac
635 1637 802 1732 molesta,
827 1667 935 1740 quam
951 1640 989 1709 in
1004 1639 1193 1730 rimandis,
1211 1665 1277 1709 ex-

333 1738 507 1808 cutiendis
518 1790 530 1829 ,
555 1737 753 1810 volutandis
774 1737 1012 1808 ad'nauseam
1035 1753 1141 1848 atque
1171 1734 1275 1806 fasti-

333 1835 433 1906 dium
459 1835 629 1908 tricarum
649 1833 857 1934 ambagibus
873 1834 1054 1905 traducere
1077 1851 1278 1904 insomnem

295 2007 297 2012 ,
333 1948 504 2032 oporteat.
534 1933 631 2003 Nam
653 1959 691 2002 co
739 1934 820 2002 estis
844 1931 1001 2026 undique
1020 1927 1125 2016 saccis
1149 1929 1277 2000 obrui-

333 2056 443 2122 mur,
463 2057 532 2100 non
559 2029 626 2096 illis
655 1959 829 2135 prblectb,
865 2024 995 2124 quibus
1022 2021 1187 2096 beatulus
1216 2026 1277 2098 ille

334 2125 510 2226 quondam
522 2119 925 2212 indorrmebatinhians3
940 2120 1003 2196 sed
1017 2120 1168 2212 talibus,
1211 2151 1277 2194 uos

333 2249 397 2296 nec
413 2218 507 2292 fures
524 2218 693 2318 eripiant,
710 2246 775 2289 nec
792 2217 982 2316 compilant
1000 2218 1109 2310 servi,
1124 2150 1277 2294 necqbe-

334 2321 434 2401 redes
453 2316 646 2389 invideant.
668 2315 759 2406 Quis
771 2321 875 2414 porrb
889 2331 941 2386 tot
955 2313 1117 2388 laborum
1138 2315 1277 2392 fructus

334 2418 408 2490 est!
428 2443 536 2518 quam
549 2411 748 2484 mercedem
760 2413 960 2512 vigiliarum
973 2431 1170 2486 nostrarum
1184 2411 1274 2495 feri-

333 2515 437 2587 mus?
456 2513 519 2584 hoc
529 2510 623 2582 enim
634 2509 679 2580 ad
690 2527 833 2582 caeteras
843 2511 1000 2582 miserias
1010 2513 1160 2602 aceedit,
1176 2516 1277 2614 qubd

211 2643 213 2652 ’
332 2611 390 2682 vel
411 2611 570 2700 nullum,
588 2607 717 2680 veleri
742 2636 829 2680 uum
844 2609 999 2679 contritae
1014 2609 1052 2679 in
1074 2607 1196 2680 alienis
1213 2638 1275 2684 re-

332 2707 420 2797 bus,
440 2723 476 2776 et
494 2733 573 2808 quae
594 2705 684 2776 nihil
704 2635 750 2776 ab
770 2733 831 2778 nos
850 2705 1051 2804 pertinent,
1074 2705 1157 2777 vitae
1173 2735 1274 2782 emo-

330 2799 530 2875 lumentum
546 2805 736 2904 capiamus.

382 2901 528 2972 Atenim
542 2954 553 2993 ,
569 2901 760 3002 inquiunt,
775 2900 827 2972 ita
841 2926 886 2970 ne
897 2897 962 2972 vili
976 2894 1275 3002 reponendumin

228 3063 232 3078 ,
331 2997 426 3085 loco,
445 2999 541 3100 qubd
556 2997 767 3098 amplissimo
789 2992 1015 3096 defungimur
1033 3000 1242 3098 magistratu
1258 3054 1272 3092 ,

359 3096 430 3168 uod
448 3113 683 3168 monstramur
703 3094 813 3196 digito
832 3097 1146 3195 praetereuntium,
1174 3101 1275 3198 quod

332 3123 378 3265 de
392 3187 541 3265 'fortunis
564 3191 668 3262 aede
695 3193 807 3305 capite
833 3193 963 3265 civium
984 3193 1272 3293 pronunciamus.

333 3291 381 3364 Et
403 3292 468 3362 hoc
493 3291 637 3390 ipsum,
667 3289 835 3384 Judrces,
859 3291 955 3391 quod
978 3292 1274 3365 existimationem

262 3467 271 3474 ,
333 3385 442 3459 habet
460 3387 618 3487 aliquam
633 3387 671 3458 in
686 3385 843 3488 vulgus,
863 3391 971 3462 nostis
987 3443 1018 3484 „
1045 3405 1149 3462 uanto
1171 3391 1275 3462 oneri

332 3499 450 3574 nostro
465 3502 573 3585 atque
589 3486 806 3557 incommodo
818 3505 987 3559 vertatur.
1003 3419 1163 3586 bieme,
1184 3487 1276 3560 dum

332 3597 477 3658 tuemur
485 3584 579 3654 inter
590 3581 747 3654 concives
760 3601 892 3656 nostros
910 3589 1151 3656 auctoritatem
1159 3636 1170 3676 ‚
1185 3585 1275 3656 diun

334 3681 599 3755 convenientem
623 3679 786 3784 dignitati
806 3683 1018 3784 gravitatem
1033 3679 1274 3770 affectamus,
