2768 4410
579 101 586 124 .

295 139 365 220 ,aa
560 160 974 212 uuarcarcre

292 279 424 328 merces
443 255 494 328 sic
511 255 688 330 nobilibus
707 275 742 336 et
761 258 851 328 natis
872 257 918 328 ad
934 283 1064 358 magna
1079 283 1231 359 quaeque

290 351 377 424 viris
404 380 513 426 novos
538 355 636 430 addit
655 353 810 443 animos,
829 371 870 424 ut
888 371 1012 427 tenues
1033 372 1139 467 atque
1164 355 1231 428 ab,

292 447 402 550 jectos
428 453 559 526 aculeis
583 477 737 550 pungere
762 479 834 522 non
863 451 1034 544 desistat3
1058 480 1106 524 alc
1136 453 1233 553 inger

294 547 409 632 uiosos
422 547 641 636 exstimulat,
657 563 698 624 ut
713 546 858 618 hebetes
875 575 914 620 ac
958 549 1116 622 lumbeos
1131 550 1233 622 otiari

295 657 367 720 nori
378 648 555 744 patiatur3
575 643 622 734 aie
636 645 787 726 strenuis
803 673 842 716 ec
860 648 922 718 sed
963 647 989 719 's
1006 647 1235 720 incitamenta

295 737 426 816 sufficit
438 797 450 835 ,
478 761 518 814 ut
537 739 679 840 ignavos
706 759 742 820 et
763 741 893 820 inertes
918 744 964 821 ad
989 745 1236 820 excutiendam

295 840 494 916 vecordiam
515 837 650 914 invitet

347 937 552 1012 Laudentur
575 935 684 1036 igitur
701 936 864 1016 'homines
888 939 939 1017 illi
959 938 1139 1016 Litterarii
1159 939 1237 1012 ludi
1286 993 1292 998 -

238 1075 243 1082 ‚
300 1035 552 1124 moderatores,
577 1033 640 1133 qui
668 1050 743 1106 tam
766 1036 888 1136 ingens
900 1087 911 1126 ‚
937 1051 1011 1107 tam
1038 1052 1160 1134 potens
1189 1036 1236 1108 ad

300 1124 511 1207 incitandam
562 1131 765 1204 (iuventutis
803 1132 980 1204 solertiam
1017 1150 1236 1206 momentum

298 1227 476 1310 addidere.
492 1231 543 1300 At
556 1245 723 1329 quantas,
744 1224 855 1342 ,qu‘dm
872 1231 1088 1302 immortales
1148 1231 1237 1302 atias

298 1323 475 1406 Ludovico
488 1329 620 1426 Magno
639 1325 870 1418 habebrmur,
885 1327 985 1426 cujus
1004 1258 1146 1398 liberali
1159 1353 1240 1399 mu·-

298 1419 477 1502 uificentid
496 1421 629 1496 factum
655 1441 732 1518 est,
754 1425 797 1506 u't
815 1425 854 1497 in
871 1421 1115 1498 florentissimo
1132 1425 1240 1496 totius

298 1518 390 1596 orbis
410 1521 560 1620 Lycaeo,
585 1549 769 1622 nunquam
785 1521 1240 1606 analaboricsaeJuveututi
1331 1597 1335 1602 ,

322 1618 443 1689 raemia
457 1615 623 1702 deletura
645 1621 727 1700 sint.
742 1619 949 1700 Celebretur
971 1619 1150 1692 enimverd
1163 1635 1238 1692 tam

297 1646 460 1796 leneficii
518 1716 688 1816 Principis
750 1715 938 1815 gloriosum
985 1743 1144 1806 nomen,
1201 1732 1240 1788 et

300 1813 459 1912 quandid
470 1809 647 1885 florebunt
662 1813 824 1884 liberales
837 1814 943 1884 Artes
956 1864 967 1903 ,
981 1811 1080 1890 nulla
1094 1811 1239 1912 posteri

299 1927 354 1987 tas
375 1909 419 1984 de
443 1899 606 1982 laudibus
624 1910 784 2010 ejusdem
807 1907 1025 1988 conticescat,

301 2121 356 2146 ms.
360 2090 1200 2152 mxndmwmmmww
1206 2121 1228 2153 ⁸t

576 2253 846 2379 cAPur
903 2255 962 2340 x

401 2522 406 2531 Ι
518 2435 696 2510 Locusct
728 2433 1024 2534 Compar-ctione.

305 2541 636 2672 Comannarro
657 2613 710 2674 est
726 2596 876 2675 duarum
886 2594 942 2668 vel
953 2594 1109 2694 plurium
1122 2619 1243 2667 rerum

303 2695 396 2765 iuter
418 2719 454 2768 se
485 2691 635 2768 collatio.

352 2789 630 2900 (Jomparationie
651 2791 760 2891 genus
773 2789 931 2889 Triplex.
954 2787 1139 2880 Primum,
1158 2791 1241 2860 Ma·-
1363 2801 1366 2814 '

230 2893 234 2908 '
302 2885 386 2986 jona
425 2913 506 2956 cum
543 2889 695 2964 Minore.
742 2887 930 2980 Alterum,
965 2885 1113 2958 Minoris
1156 2914 1242 2958 curn

232 2991 233 2998 ’
303 2981 455 3082 Majcre.
470 2983 652 3075 Tertium,
681 2985 778 3060 Paris
806 3012 888 3056 cum
917 2984 1010 3058 Pari.
1032 2985 1103 3056 Res
1120 2984 1239 3071 enim,

302 3081 397 3154 inter
445 3109 532 3181 quas
578 3081 773 3158 instituitur
821 3083 908 3154 Com
933 3081 1043 3156 aratio
1060 3080 1130 3170 ‚vel
1162 3105 1238 3148 mar

303 3177 395 3290 {ores
428 3196 534 3270 sunt,
563 3179 627 3258 hoc
663 3195 716 3250 est
749 3111 1025 3268 verisimiliores,
1056 3194 1092 3248 et
1113 3173 1241 3274 quibus

205 3297 208 3308 ·
303 3275 377 3366 id,
420 3276 464 3347 de
507 3305 577 3378 quo
619 3277 767 3378 agitur,
819 3277 945 3377 potiori
986 3277 1063 3374 jure
1113 3297 1239 3344 conve-

304 3375 392 3445 niat.
418 3372 487 3447 Vel
511 3375 687 3466 minores,
713 3375 750 3446 id
781 3393 835 3446 est
863 3375 979 3454 mimis
1009 3365 1239 3459 verisimiles,

304 3471 433 3570 quibus
459 3497 529 3542 non
560 3463 660 3570 aeque
692 3499 747 3541 res
776 3471 822 3543 eli
849 3493 895 3545 ua
920 3467 1126 3558 conveniet,
1144 3492 1183 3536 ac
1208 3466 1241 3538 ei

305 3593 387 3636 cum
413 3571 484 3679 qud
511 3563 748 3640 conferuntur.
780 3500 847 3641 Vel
876 3563 1027 3664 aequales
1056 3563 1095 3634 in

1152 3565 1240 3636 redu

305 3663 483 3754 veritatis,
511 3680 555 3736 ut
573 3663 661 3741 utris
682 3693 739 3738 res
755 3664 867 3763 potiris
883 3659 1092 3764 conveniat2
1110 3590 1241 3741 idid-tte.
