2766 4412
309 221 409 330 373'
572 255 1034 322 recrearem.

320 347 391 422 non
412 351 539 450 dejecit
568 355 820 456 triumphantis
843 355 1084 434 Adolescentia
1115 356 1260 432 cavilla·

319 449 395 540 tio,
422 475 494 521 non
522 451 596 550 ipse
629 454 729 538 datos
770 481 932 528 consessu
962 453 1001 528 in
1038 453 1265 530 celeberrima

319 545 462 644 plausus
537 549 724 622 rturbavit.
756 552 900 624 Diceres
927 568 1111 625 versutum
1135 579 1262 652 quem·
1291 567 1314 624 l⁴

318 643 403 714 dam
434 661 470 717 et
510 651 600 748 ongd
632 677 675 719 ex
701 645 850 722 erienti&
877 651 1081 722 contritum
1098 649 1262 744 Ducem,

319 742 383 840 qui
415 761 633 844 comparatas
661 677 706 817 als
735 746 835 818 hoste
864 748 1063 846 speculatus
1087 747 1261 838 insidias,

319 862 390 908 non
399 839 512 914 irruit
528 845 668 933 statim,
688 843 765 916 illas
779 861 823 919 ,ut
844 844 986 958 dejiciat
1001 871 1041 916 ac
1054 842 1243 917 labefactet
1248 865 1261 937 ;

320 933 382 1008 sed
416 963 479 1009 con
515 939 570 1011 ius
600 942 675 1039 ipse
705 940 800 1033 sibi,
836 943 931 1041 qurd'
956 942 1001 1014 sit
1031 955 1200 1032 acturus,
1224 957 1263 1014 et

319 1059 425 1132 quem
461 967 521 1107 εὗ
531 1039 663 1138 paratis
699 1036 767 1108 sibi
806 1037 943 1138 laqueis
972 1039 1081 1137 possit
1106 1034 1263 1112 firrctum

316 1131 516 1232 percipere,
533 1136 714 1235 opperitur
731 1136 901 1235 tantisper
923 1133 1085 1226 hostem,
1106 1137 1263 1209 eundem
1330 1165 1340 1184 ·

217 1259 224 1274 ·
317 1228 582 1330 etiam'patitur
599 1235 741 1332 propius
764 1232 954 1324 accedere,
984 1232 1094 1305 donec
1120 1234 1192 1306 suis
1207 1234 1262 1332 ip-

316 1353 396 1398 sum
420 1327 458 1398 in
480 1329 615 1404 retibus
641 1330 823 1428 implicet,
838 1335 1009 1430 tantdque
1031 1329 1259 1404 illustriorem

317 1419 447 1496 habeat
474 1425 520 1497 ab
549 1455 591 1498 eo
614 1427 816 1519 uictoriam,
848 1433 984 1528 quanto
1009 1427 1192 1500 certiorem
1216 1429 1263 1502 ad

315 1521 537 1621 triumphum
556 1524 615 1597 ille
640 1526 860 1626 properabat.
883 1523 1013 1625 Neque
1036 1524 1261 1597 enimdiser-

314 1619 471 1691 tissimus
500 1619 558 1694 ille
586 1622 642 1695 vir
671 1623 894 1736 locupletiore
916 1622 961 1696 de
986 1649 1103 1736 penu,
1128 1638 1190 1694 aut
1214 1622 1259 1694 de

315 1720 586 1796 armamentario
603 1747 666 1792 suo
687 1747 787 1794 uana
803 1721 1018 1820 depmmpsrt
1036 1745 1155 1809 arma,
1176 1720 1257 1820 qui-

315 1809 381 1884 bus
397 1813 626 1888 insultantem
642 1817 781 1890 hostem
800 1816 984 1890 conficeret
999 1846 1009 1888 r
1026 1843 1099 1888 non
1109 1815 1259 1890 maurit

313 1910 361 1980 ad
371 1911 526 2011 amplam
538 1915 799 2005 communium,
818 1929 1064 2029 (puerascant,
1082 1913 1257 1986 Locorum

313 2024 495 2106 segetem,
520 2011 616 2100 uude
645 2011 868 2083 validissimis
893 2039 914 2084 a
980 2011 1258 2084 mentationlbus

199 2173 203 2184 ,
262 2105 267 2114 “
313 2105 553 2184 adversarium
578 2108 744 2184 obrueret
769 2139 778 2180 ι
806 2135 878 2181 ιιοιι
901 2039 1065 2182 sidilum
1088 2105 1150 2195 illa
1175 2135 1255 2186 ora«.-

310 2200 413 2272 tionis
432 2205 593 2298 lumina,
616 2206 828 2306 multiplices
851 2206 987 2306 Tropos
1014 2233 1054 2278 ac
1078 2207 1228 2307 Figurae
1240 2259 1253 2299 ,

311 2299 441 2398 quibus
469 2301 509 2373 in
535 2304 728 2375 tractandis
757 2305 970 2376 exercitatus
1005 2302 1080 2402 jam
1112 2303 1255 2404 pridem
1345 2321 1349 2326 '

310 2413 475 2470 vestram.
491 2400 647 2472 omnium
665 2401 934 2475 admirationem
953 2415 1118 2501 raperet,
1143 2417 1180 2474 et
1206 2401 1253 2474 de

309 2491 487 2592 judicibus
497 2497 728 2570 suistotidem
737 2497 867 2571 faceret
878 2525 991 2571 causae
1004 2523 1078 2568 suae
1087 2513 1253 2597 patronos

309 2617 350 2662 ac
369 2592 591 2687 delensores3
608 2597 668 2666 sed
681 2595 809 2667 habuit
822 2597 929 2686 satis,
947 2594 1084 2666 hostem
1100 2594 1129 2666 si
1144 2620 1251 2668 suum

307 2690 455 2801 propriis
467 2691 573 2763 annis
594 2691 793 2764 confoderet
806 2739 818 2786 ,
831 2694 866 2764 'si
880 2743 891 2784 ,
915 2717 1022 2792 quam
1033 2691 1252 2766 instruxerat

305 2786 367 2858 rlle
390 2787 587 2881 fallaciam,
615 2791 739 2862 eadem
770 2791 807 2860 in
821 2791 946 2889 {ipsum
967 2787 1196 2882 abuteretur3
1218 2791 1250 2862 si

305 2887 524 2988 praestigias,
548 2887 675 2989 quibus
699 2883 760 2960 ille
779 2884 902 2960 fucum
924 2883 1083 2978 fecerat,¹
1105 2887 1248 2960 easdem

304 2982 354 3054 ad
375 2986 601 3086 retegendam
625 2985 709 3058 mali
758 2983 840 3056 ioris
855 2984 1032 3084 Discipuli
1055 2985 1249 3058 versutiam

306 3097 536 3154 converteret.
561 3081 680 3174 Nam,
704 3012 870 3175 lidius,
893 3082 1049 3182 reposuit
1068 3082 1249 3176 Corax‚si
1330 3143 1333 3152 .

304 3181 481 3252 maurillo
497 3179 701 3280 Disoipulus
717 3181 890 3280 persuasit
906 3179 1006 3252 vobis
1030 3181 1126 3282 quod
1149 3181 1246 3254 role-

303 3273 393 3366 bat,
416 3277 541 3350 videtis
565 3295 699 3379 quanto
719 3305 798 3350 meo
820 3278 899 3379 jure
918 3277 1118 3378 postulem,
1137 3303 1246 3378 quam
1334 3345 1338 3354 ,

304 3365 544 3474 oppigneravit
557 3373 647 3448 mihi
662 3377 705 3452 ed
724 3375 758 3448 le
782 3405 802 3449 e
818 3377 1036 3468 mercedem,
1054 3374 1085 3446 si
1101 3381 1246 3474 persuai·

304 3469 411 3542 dendi
422 3474 555 3573 peritus
565 3475 743 3547 evaderet.
758 3401 825 3547 {in
832 3474 949 3550 minus
965 3473 1120 3546 oratione
1131 3469 1247 3574 perfe-

302 3569 351 3640 cit
362 3574 450 3664 sud,
470 3587 531 3664 ut,
553 3599 664 3672 quam
676 3573 797 3672 repeto
814 3571 906 3644 milri
917 3569 1129 3672 pecumam,
1151 3566 1243 3642 hane

303 3691 371 3737 non
409 3667 531 3741 deberi
563 3669 816 3768 persuaderet,
850 3673 922 3770 qud
959 3667 1105 3740 tandem
1129 3666 1241 3770 aequiss

302 3777 374 3846 tate
392 3765 485 3838 illius
506 3767 744 3866 persolvendae
764 3765 1006 3840 necessitatem
1029 3765 1162 3838 eludat.

350 3863 406 3936 Ex
429 3862 472 3936 iis
502 3867 645 3966 potestis
669 3865 897 3966 intelligere,
928 3865 1100 3957 Judi'ces,
1132 3863 1241 3966 quim
