2766 4412
351 197 880 287 nsssn‘snc'esnes.
1012 211 1086 312 397
1157 291 1161 298 x

136 333 346 435 *propensior
357 331 576 434 viiidiorque
588 329 635 404 ad
646 357 788 402 omnem
798 329 939 404 sistitis
950 330 1086 405 cultum

1 463 2 522 3
68 443 83 474 '¹
147 431 307 504 alacritas
336 430 497 522 eluceat,
531 433 640 531 quam
673 429 768 529 apud
794 427 991 499 Parisinosl
1017 429 1087 501 Hic
1131 477 1134 484 ·

1 527 2 536 ’
144 529 256 628 pietas
272 527 348 600 sine
366 525 612 618 affectatione,
639 527 792 626 gravitas
813 526 888 598 sinc
917 551 1084 624 arrogan-

145 625 216 717 tia,
231 623 494 728 magnificentia
505 625 580 697 sine
597 621 850 714 ostentatione,
868 623 998 694 candor
1013 623 1088 693 sine

145 719 307 814 fallacid,
327 722 520 836 prudentia
548 722 622 794 sine
650 719 893 818 simplicitate,
920 719 1087 791 suavissi-

146 846 228 892 mus
255 821 409 920 demque
432 819 606 892 virtutum
623 817 782 890 omnium
809 819 993 890 comitatus
1013 817 1089 890 sine
1137 889 1140 898 ,

147 915 220 990 ulto
236 916 404 990 vitiorum
420 917 578 1030 contagio
598 913 797 988 efflorescit.
884 955 885 960 κ
1011 909 1015 920 ’

197 1013 333 1088 Verum
349 1014 437 1115 quid
453 1015 693 1086 hle-immoror
699 1064 715 1099 ,
737 1029 800 1083 aut
815 1011 902 1112 quid
925 997 1090 1112 adjiciam

148 1109 253 1224 plina
272 1111 319 1182 ad
335 1111 448 1212 gentis
472 1129 603 1183 nostrae
616 1109 979 1199 commendationem,
1003 1110 1090 1180 dum

150 1206 203 1280 illi
220 1207 311 1310 ipsi,
330 1209 393 1308 qui
410 1209 561 1280 Parisini
582 1207 705 1308 populi
726 1207 873 1306 gloriam
886 1205 1002 1279 verbis
1015 1207 1090 1277 ele·
1195 1265 1201 1278 ,

151 1321 260 1398 sant,
283 1303 432 1378 eandem
458 1301 559 1376 factis
581 1305 676 1375 omni
704 1303 950 1402 praedicatione
971 1301 1091 1392 effica-

39 1403 43 1410 ’
77 1467 83 1482 ,
150 1402 224 1476 cius
241 1401 436 1474 extollunt?
451 1403 590 1494 Quotus
607 1400 702 1472 enim
715 1401 865 1500 quisque
879 1425 999 1471 corum
1018 1417 1090 1492 est,

153 1499 218 1598 qui
233 1499 366 1572 versati
381 1499 523 1570 Parisiis
541 1525 613 1569 non
628 1513 725 1568 sinet
739 1513 777 1568 et
791 1497 1017 1570 annumerari
1033 1524 1093 1568 no·

152 1595 289 1668 biscum
309 1623 380 1666 non
400 1594 593 1708 gloriaturi
617 1595 698 1688 Quo
720 1594 835 1665 studio
856 1611 983 1666 nostrae
1007 1621 1092 1664 con-

149 1693 350 1766 suetudinis
373 1719 444 1764 suls
465 1693 517 1764 illi
533 1693 577 1764 de
594 1691 779 1792 provinciis
799 1691 949 1762 Parisios
966 1685 1096 1764 convo*

153 1789 252 1864 lant?
274 1793 382 1890 quam
399 1793 510 1892 aegre,
534 1817 602 1889 quo
628 1789 728 1860 bonae
742 1787 839 1873 urbis
863 1789 1033 1862 desidesio
1054 1789 1094 1860 in

155 1887 297 1961 easdem
316 1887 486 1959 recedunt
504 1903 567 1958 aut
579 1887 783 1958 necessitate
792 1902 1011 1984 temporum,
1031 1901 1095 1958 aut

155 1985 208 2061 rei
229 1983 410 2056 l'amiliaiis
432 1983 577 2084 inopili
603 1983 735 2055 Videas
760 1983 822 2084 qui
845 1988 948 2082 parce
973 1986 1095 2057 vivant

146 2083 253 2182 ‘apud
278 2107 335 2174 so,
360 2081 495 2154 duriter
523 2107 560 2151 se
592 2079 771 2171 habeant,
805 2081 868 2181 qui
889 2081 1096 2156 delitescant

157 2205 241 2254 rure
257 2179 386 2266 multos
409 2205 472 2278 per
495 2205 602 2250 annos
627 2176 906 2278 deliaudentque
927 2180 1094 2279 genium,

113 2335 122 2348 s
157 2293 201 2350 ut
224 2303 427 2376 comparare
460 2275 595 2378 aliquid
621 2275 791 2346 unciatim
861 2277 948 2347 ssint
960 2329 972 2367 ,
998 2275 1095 2348 unde
1173 2314 1177 2322 ‚

158 2373 317 2448 victitare
346 2373 526 2446 nobiscum
555 2371 773 2485 aliqumndid
837 2372 947 2444 arisiis
975 2351 1093 2446 liceat.

158 2471 299 2544 Scilicet
320 2487 443 2546 notum
469 2470 534 2542 hoe
560 2469 643 2570 ipsse
664 2486 936 2571 ,spectatumque
958 2487 1032 2562 est,
1058 2485 1096 2542 et

156 2571 284 2644 mento
305 2567 450 2671 quidem
460 2621 473 2660 ,
491 2568 653 2660 Judiccs,
674 2567 797 2639 tandiu
813 2595 848 2638 se
865 2568 970 2639 rudes
988 2585 1097 2668 atque

152 2668 208 2744 im
233 2667 331 2738 olitos
353 2665 449 2760 fore,
473 2667 583 2738 donec
600 2665 639 2737 in
661 2664 727 2737 hac
746 2667 862 2738 nostrl
886 2663 1098 2738 urbanitatis
1133 2745 1137 2750 ,
1167 2749 1171 2754 .
1281 2715 1283 2722 κ

156 2791 200 2842 ac
209 2695 339 2862 leporis
355 2761 492 2838 official
510 2763 595 2834 culti
609 2761 740 2836 fuctint
761 2791 801 2835 ac
832 2763 1005 2862 perpoliti.
1030 2761 1097 2836 Vi·

161 2862 245 2932 dere
261 2859 350 2934 mihi
364 2860 486 2934 videor
500 2859 649 2932 lamosas
662 2861 739 2932 illas
753 2911 764 2950 ,
784 2877 821 2930 et
836 2863 994 2932 omnium
1010 2887 1099 2960 gen·
1151 2911 1154 2916 -

160 2956 252 3030 tium
268 2957 447 3057 praeconiis
460 2957 651 3030 celebratas
667 2956 847 3048 Athenas,
867 2965 938 3058 quo
952 2983 996 3030 ex
1013 2955 1096 3028 uni-

161 3055 270 3127 versis
298 3053 391 3126 orbis
415 3053 573 3154 pastibus
604 3055 847 3155 spectatissimi
871 3056 1004 3155 quique
1031 3052 1099 3125 viri

161 3151 214 3224 ita
240 3145 480 3243 conflassent,
509 3168 550 3224 ut
575 3179 678 3224 nemo
701 3152 758 3223 vel
788 3153 835 3222 ad
863 3153 1020 3253 ingenii,
1042 3148 1100 3222 vel

159 3250 348 3338 docctnae,
370 3248 427 3322 vel
443 3249 625 3348 elegantiae
641 3245 772 3322 famam
789 3265 905 3346 posset
925 3251 1099 3348 aspirare,

161 3346 229 3424 nisi
248 3347 286 3422 in
300 3345 362 3458 illd
380 3346 510 3420 artium
530 3345 689 3416 omnisun
713 3343 875 3444 palestra
895 3346 992 3446 prius
1009 3341 1099 3420 fuis·

164 3461 218 3516 set
238 3459 461 3518 exercitatus.

212 3541 348 3614 Infioias
371 3557 454 3614 aaut
472 3565 535 3640 per
561 3566 618 3610 me
641 3539 742 3632 licet,
767 3557 804 3612 et
830 3541 977 3613 orationi
994 3540 1104 3614 recla-

162 3655 262 3710 ment
288 3665 376 3712 meae
404 3639 462 3712 vel
491 3636 686 3711 Normsnni
698 3691 710 3727 ,
737 3638 794 3710 vel
819 3639 1018 3729 Vascones,
1045 3639 1103 3711 vel

1 3781 3 3912 ,
162 3735 384 3836 Aremorici,
403 3762 556 3840 quotum
567 3735 623 3828 blo
635 3763 804 3844 magicam
819 3736 921 3827 video
940 3737 995 3809 vel
1009 3739 1105 3812 inca

159 3915 167 3964 s
