2756 4414
958 65 1075 122 ,s

316 197 524 310 ,ΠΜ
560 219 881 295 Δοιεεσιωητε]
1007 219 1082 314 ’463
1156 201 1164 223 ’

1 411 2 418 ,
134 339 245 416 orbus
267 368 394 445 parens
408 345 506 418 vivat
521 335 559 416 iit
578 349 701 416 eversa
717 343 831 416 domo.
851 343 941 414 Tres
952 341 1081 417 liberos
1110 353 1123 368 ²

120 441 308 532 abstulit,
325 443 439 518 tribus
459 441 577 514 liberis
606 459 736 514 careat.
768 445 868 514 Meos
890 437 999 512 furori
1019 469 1083 516 suo

138 535 335 616 immolavit
348 541 526 632 victimas3
545 568 625 612 suos
641 567 802 612 meorum
822 537 985 611 manibus
1003 539 1084 639 pla-

140 637 260 709 candis
281 635 425 712 inferias
448 663 488 709 ro
532 654 580 708 to.

110 744 117 775 ⁸
190 736 298 826 Quod
307 737 335 806 si
344 665 835 808 durumiiticetinhumanum
844 761 920 806 esse
928 751 1083 828 censeat,

140 849 263 904 cernat
276 833 335 905 ille
351 835 550 935 prolapsam
567 851 604 906 et
623 829 791 906 afflictam
813 833 982 924 domum,
1028 857 1089 904 uae
1132 907 1134 922 ³

141 956 269 1030 paucos
305 936 387 1004 ante
419 933 493 1004 dies
526 949 600 1004 tam
634 931 717 1004 laeta
745 931 928 1004 exultabat
957 859 1054 1029 prisia
1069 983 1086 1018 ,

141 1045 216 1100 tam
251 1030 354 1129 longa
384 1032 541 1102 virorum
567 1030 758 1102 illustrium
793 1028 883 1101 serie
915 1026 1087 1104 hactenns

142 1121 328 1219 floruerat,
363 1129 500 1221 discat,
524 1129 633 1228 quam
647 1133 778 1241 Partim
801 1127 948 1199 meritus
964 1126 1087 1206 videar
1194 1206 1196 1210 ,
1244 1185 1250 1200 .

142 1223 377 1296 tristissimam
401 1251 491 1298 meaa
515 1225 674 1298 orbitatis
701 1226 945 1298 acerbitatem.
1156 1269 1160 1278 ·

191 1322 334 1396 Electus
358 1322 499 1396 &robis
521 1320 684 1416 fueram,
704 1323 869 1416 Judices,
892 1325 979 1397 Dux
995 1319 1089 1393 mili—

81 1427 83 1435 ’
143 1419 227 1511 tiae,
256 1421 316 1490 des
342 1419 449 1492 eratis
472 1425 579 1520 poene
604 1421 727 1522 patriae
749 1421 855 1493 rebus
870 1450 881 1513 ;
902 1421 985 1493 victi
1008 1446 1087 1520 spes
1148 1489 1151 1499 .

141 1533 279 1590 nostras
313 1449 368 1589 iis
404 1519 581 1590 moenibus
616 1519 833 1612 tuebamur3
864 1545 978 1618 eaque
1012 1518 1088 1617 jam

31 1693 33 1698 ¹
144 1597 265 1686 multis
294 1615 332 1686 in
363 1615 446 1687 losio
470 1615 590 1688 diruta
610 1633 712 1690 erant
737 1633 774 1690 et
799 1632 935 1718 aperta.
961 1616 1089 1687 Unum

1 1717 2 1725 ’
128 1735 209 1880 ‘gro
234 1712 375 1827 cunctis·
396 1729 502 1815 eaput
530 1713 665 1829 objeoi3
691 1743 767 1787 rem
799 1739 983 1885 agfiressus
1008 1741 1089 1785 sum

168 1811 246 1898 olo,
295 1839 437 1883 uomam
461 1839 570 1885 manu
591 1839 731 1886 v1ncere
757 1841 828 1886 non
862 1810 989 1885 'cebet
1011 1813 1088 1884 Ex·

11 1937 18 1954 ·
143 1909 232 1979 cessi
242 1935 286 1979 ur
345 1909 491 2004 tacitus,
512 1909 638 1982 liberos
651 1939 746 1984 meos
762 1912 841 1983 Diis
860 1909 968 2009 hujus
990 1910 1090 1982 urbis

169 2005 352 2079 raesidibus
367 2007 639 2100 commendans;
654 2008 754 2082 vobis
769 2007 1092 2096 commendassem)

144 2031 307 2195 iudices,
335 2105 364 2176 si
387 2131 468 2176 eum
494 2106 656 2205 pluribus
681 2107 865 2180 consilium
891 2105 1092 2179 communi·

145 2225 226 2271 care
252 2199 447 2299 periculum
474 2202 661 2277 imminens
688 2206 836 2278 sivisset.
866 2206 957 2298 Quis
981 2201 1092 2276 fuerit

144 2313 315 2389 eventus,
338 2299 462 2370 omitto
482 2299 618 2392 dicere,
637 2327 755 2400 neque
778 2329 861 2391 vos,
884 2301 1011 2391 credo,
1033 2298 1093 2372 vel
1177 2335 1179 2338 ·

144 2395 279 2498 consilii
304 2395 400 2488 mei,
424 2395 482 2469 vel
511 2396 641 2468 silentii
661 2397 823 2496 poenitet.
852 2396 1022 2469 Liberata
1041 2397 1094 2469 ci·

70 2517 76 2522 ·
145 2494 263 2585 vitas;
290 2493 404 2570 victus
430 2492 540 2566 hostis
569 2511 648 2588 est,
676 2495 786 2569 victor
817 2495 856 2569 in
883 2493 1011 2571 urbem
1033 2523 1094 2569 re·

145 2591 224 2663 deo.

196 2689 394 2762 Victorem'
416 2687 532 2791 qualis
576 2717 735 2792 pompa,
799 2691 855 2763 uie
890 2689 1095 2792 triumphus

148 2786 304 2886 excipit!
335 2787 425 2858 Tres
456 2787 610 2882 liberos,
636 2817 724 2891 quos
752 2718 799 2860 a]
826 2786 970 2861 familiae
996 2790 1095 2862 colu·

149 2909 256 2976 men,
283 2883 329 2954 ad
362 2883 600 2959 defensionem
657 2887 756 2958 atrioe
781 2885 903 2958 sedulo
933 2887 1097 2960 institue·

149 2981 258 3072 bam,
281 2981 519 3054 crudelissimo
547 3012 587 3056 su
631 2915 715 3055 iicio
736 2981 878 3055 affectos
905 2985 1012 3058 audio
1029 3011 1095 3086 pa·
1204 3039 1205 3044 η

150 3080 214 3152 tria
246 3075 291 3150 ob
320 3077 563 3156 defectionem.
590 3011 678 3155 ἵζου
702 3081 896 3174 immoror,
928 3083 1095 3177 Judices,

149 3177 189 3250 in
214 3175 279 3248 hoc
310 3175 521 3273 confutando
549 3181 721 3272 crimine,
752 3181 848 3280 quod
872 3175 966 3252 facta
992 3207 1095 3275 mea,

151 3275 209 3350 ve}
233 3291 372 3348 tacente
389 3303 467 3367 me,
495 3278 578 3349 satis
594 3275 771 3350 refellunt.
793 3277 952 3350 Licuerit
976 3279 1096 3352 Accu·

152 3373 260 3445 satori
284 3373 504 3474 iniquissimo
531 3391 696 3474 concepta
719 3372 929 3473 jamdudrim
955 3377 1098 3478 explere

153 3471 233 3544 odia
245 3501 256 3563 ;
287 3469 396 3543 fidem
432 3499 573 3565 meam,
612 3497 693 3574 quae
724 3489 878 3572 spectata
909 3477 993 3547 setis
1019 3489 1098 3549 erat

154 3583 192 3639 et
214 3571 374 3671 cognita,
402 3596 564 3643 revocare
591 3571 629 3643 in
647 3571 901 3670 suspicionem,
928 3575 1096 3648 suscitare
1181 3624 1189 3642 ,

152 3664 272 3740 inme
292 3667 446 3740 furorem
497 3667 611 3762 labis,
636 3687 672 3742 et
694 3670 826 3752 nomini
844 3699 923 3743 meo
939 3671 1098 3785 turpissi-

153 3789 223 3838 moe
250 3767 454 3865 proditionis
472 3697 600 3841 iubam
622 3765 778 3846 inurere.
805 3772 858 3842 At
882 3771 971 3872 quid
996 3797 1096 3844 mno-
