2766 4412
354 201 532 252 ursan
580 193 891 254 srcusnns:
1010 177 1106 258 385-

3 313 4 328 ’
132 301 315 404 genimis,
339 303 467 395 credo,
490 277 818 394 ventilabimus,
844 327 908 374 seu
930 299 1087 382 fallacias
1166 369 1169 376 ,

142 399 260 570 protisls
286 425 326 471 ac
352 399 469 493 dolos,
499 398 628 500 quibus
662 398 821 470 incautos
845 387 998 500 decipit:
1012 431 1086 478 non
1166 431 1180 440 ·

179 523 333 570 sueones.
341 496 550 570 Praedicabit
559 495 714 570 indolem
725 498 967 570 assentationis
981 500 1088 584 melle

139 593 343 687 conditam,
362 597 436 696 qul
456 593 629 693 simplices
650 621 691 666 ac
716 593 825 666 bonos
838 595 994 688 inescat,
1016 623 1089 671 non
1136 589 1139 596 ¹

144 692 380 793 perspicaces,
413 691 535 794 quales
557 717 620 763 nos
642 717 792 784 sumus,
818 719 858 764 ac
887 710 1019 766 cautos.

67 875 71 880 Ι
196 791 294 882 Quid
327 787 581 865 momoncust
609 805 695 901 gens
722 787 906 864 hominum
941 792 1090 864 minime
1209 815 1211 820 ’

144 880 264 978 mals,
280 889 422 961 Judices
436 915 448 979 3
465 888 509 958 de
522 889 594 987 qul
605 885 764 999 rehgioni
777 887 966 980 ducerem,
980 889 1089 962 male·

144 983 292 1057 dixisses
308 1003 345 1057 at
356 1012 427 1056 non
439 984 703 1084 ebperspicacri
714 983 840 1060 mentis
851 1037 862 1076 ,
875 1013 956 1086 quae
968 987 1091 1066 venire

144 1079 327 1156 uobiscum
353 1083 392 1154 in
411 1098 591 1156 certamen
611 1081 732 1181 possit.
749 1081 839 1153 Tale
855 1083 967 1183 gentis
985 1083 1089 1184 inge·

144 1179 245 1252 nium
259 1232 271 1274 ,
284 1181 385 1254 mihi
406 1180 562 1268 credite,
587 1178 692 1278 quale
711 1205 834 1277 corpus
856 1195 910 1251 est
929 1210 938 1250 s
958 1180 1091 1252 bonum

144 1277 290 1377 quidem
313 1276 356 1348 ‘ac
388 1275 596 1377 probabile,
623 1302 693 1347 non
711 1275 763 1348 ita
780 1291 973 1376 argutum,
992 1277 1090 1350 aedes.

78 1419 83 1428 ·
143 1373 222 1474 pol,
251 1402 291 1446 ac
312 1373 515 1447 delicatum.

194 1471 319 1544 Unum
333 1471 437 1544 video
451 1468 670 1561 Parisinum,
683 1468 848 1561 Judices,
867 1473 931 1571 qui
948 1470 1092 1544 umbra·

145 1567 200 1640 tili
221 1568 376 1668 quldsm
406 1568 463 1640 vel
486 1565 643 1667 ingenii,
676 1567 734 1640 vel
770 1566 895 1640 indolis
916 1569 1092 1670 elegantia

144 1663 393 1740 lacerel'ucum
408 1663 529 1778 possit.
553 1665 605 1735 At
622 1663 684 1764 qui
705 1691 815 1765 genus
831 1664 1014 1738 hominum
1075 1707 1092 1724 -

145 1763 240 1836 nitus
251 1763 464 1876 inspexerat,
480 1761 693 1834 inseruisse
707 1787 828 1834 recens
840 1763 930 1834 natis
944 1761 1023 1834 flori
1048 1791 1093 1836 us

146 1857 772 1950 menumeriuimitestttissiticet,
785 1860 872 1930 dum
884 1860 1093 1934 exoriuntur

147 1975 209 2031 aut
228 1957 451 2048 adolescunt,
474 1954 708 2056 perstringere
724 1951 854 2028 ¹oculos
882 1955 1011 2050 solent3
1025 1985 1090 2030 se·

146 2061 227 2128 nim
246 2061 326 2136 cum
351 2057 491 2128 crevere
512 2053 678 2144 tandem,
698 2080 841 2125 ornnem
862 2055 995 2153 pariter
1009 2081 1092 2130 cum

147 2153 250 2226 annis
270 2153 426 2253 leporem
453 2179 493 2224 ac
512 2166 736 2226 venustatem
758 2151 969 2252 deperdunt.

197 2251 304 2323 Plura
343 2277 446 2352 parco
472 2249 587 2333 dicere
609 2251 811 2321 Vasconum
844 2249 883 2320 in
908 2250 1058 2348 gratiam
1077 2251 1096 2341 ,¹
1213 2313 1214 2316 ,

149 2349 269 2422 dicant
286 2347 338 2420 illi
355 2346 506 2421 vicissim
528 2373 668 2446 prose,
693 2347 723 2417 si
748 2346 836 2447 quid
851 2343 1006 2437 habent,
1028 2362 1093 2420 aut

148 2447 284 2560 potius,
312 2443 556 2521 siconsultum
572 2443 640 2518 sibi
659 2443 792 2534 velint,
813 2447 985 2517 aeternslm
1005 2469 1091 2518 con-

148 2561 328 2633 ticescant.
862 2591 864 2598 ·

423 2665 817 2716 snruonrcus

199 2828 248 2901 Et
268 2830 336 2903 erit
363 2828 410 2902 ali
436 2831 492 2902 uis
519 2836 663 2929 postei,'
681 2835 746 2931 qui
772 2831 901 2930 linguas
924 2828 1092 2901 solubili·

71 2983 75 2992 ·
152 2945 226 3002 tate
254 2943 361 3026 atque
389 2954 415 2998 u
461 2943 553 3026 rtato
592 2929 759 3001 sermonis
786 2929 961 3000 Vascones
990 2922 1094 3025 longe

151 3025 322 3129 principes
352 3049 429 3106 esse
456 3027 584 3126 negoti
606 3024 804 3118 Audiistis,
836 3029 1010 3134 quotquot
1036 3021 1095 3094 hic

153 3122 304 3214 adestis,
332 3121 411 3195 Viri
430 3121 677 3215 illustrissimi,
700 3140 737 3196 et
761 3121 961 3220 suspexistis
978 3118 1095 3190 incre-

154 3220 300 3294 dibilem
324 3218 470 3292 dicentis
493 3219 731 3310 industriam,
755 3231 978 3291 venustatem
999 3215 1094 3306 oris,

153 3317 383 3418 multiplicem
397 3343 437 3388 ac
454 3316 590 3389 variam
606 3315 800 3416 peregrinas
816 3313 909 3388 vocis
928 3307 1095 3389 inflexio..
1128 3321 1130 3326 ·
1239 3409 1242 3416 ἢ

155 3421 258 3508 nem,
286 3432 323 3487 et
345 3410 530 3486 mirificam
544 3413 650 3486 totius
667 3411 816 3484 hominis
833 3407 1093 3494 confidentiam.

132 3551 136 3560 ι
158 3515 257 3604 Quas
282 3513 427 3618 quidem
451 3512 550 3624 dotes
568 3537 686 3612 noque
713 3537 776 3582 nos
798 3509 980 3622 crassiores
998 3510 1095 3622 Ars:

156 3611 445 3788 ωοιὶῗῶηιιειῑιιιο
466 3635 659 3714 quisquam
681 3635 805 3684 eorum
817 3661 829 3701 ‚
861 3633 983 3792 {pibus
995 3657 1008 3698 ‚
1034 3629 1098 3720 qut
