2668 4414
278 183 326 259 ὦ
541 206 951 257 nnnnosroe

326 306 480 402 Tamen·
492 305 560 378 etsi
573 321 697 380 contra
722 331 842 378 rerum
860 287 1025 378 natnmn'
1047 303 1138 376 illud
1157 329 1218 376 ee-

276 401 1219 504 fflmwwfflmwfflffimfflm

275 501 395 593 illius,
421 527 502 602 quoe
518 499 646 574 liberos
669 500 763 572 inter
786 517 824 572 et
851 516 1014 613 parentes
1034 499 1216 596 cernitur,

275 599 542 698 discrepentiae3
565 627 638 670 non
650 613 704 669 est
715 595 812 670 is'tud
827 596 1057 670 mhilominbs
1073 613 1147 668 tam
1163 596 1220 665 in-

210 743 218 770 ,
273 693 468 798 frequens,
496 713 537 768 ut
564 693 760 768 illustribus
788 694 956 795 exemplis
969 693 1220 766 'demonstrari

275 817 346 866 non
362 795 483 896 possit.
529 795 531 800 ’
1148 843 1150 848 -

324 891 442 962 Testis
467 889 556 962 mihi
579 891 626 962 sit
647 917 739 962 unus
765 891 860 962 inter
890 907 1033 962 caeteros
1061 891 1219 988 Megnus

271 989 497 1080 Alexander,
515 987 578 1088 qui
594 986 756 1089 Philippo
773 1004 921 1100 parente
936 1002 1163 1088 procreatus,
1182 1001 1221 1057 et

274 1087 321 1157 ab
338 1087 461 1158 eodem
482 1086 630 1185 adeptus
658 1087 852 1186 imperium
879 1085 1139 1174 Macedonum,
1166 1081 1221 1155 it&

275 1184 385 1274 vixit,
411 1185 461 1255 ite
477 1211 516 1256 re
540 1184 662 1276 navit,
676 1199 718 1255 ut
736 1200 808 1257 tam
824 1185 862 1252 in
879 1181 1093 1272 virtutibus,
1109 1184 1220 1280 quim

274 1281 313 1352 in
330 1281 424 1354 vitiis
440 1333 451 1372 ,
479 1209 568 1351 nibil
580 1297 736 1380 paternae
753 1280 879 1352 indolis
888 1295 958 1368 eut
970 1295 1107 1350 naturae
1120 1305 1220 1350 aoce-

275 1377 369 1478 piss'e
385 1379 579 1449 videretur.

325 1475 410 1546 Fuit
422 1475 602 1547 enimverb
614 1474 757 1575 utrique
770 1475 933 1547 vincendi
949 1475 1039 1545 ratio
1054 1473 1191 1546 diversa
1208 1499 1221 1565 3

236 1611 240 1619 ·
276 1571 461 1672 Philippus
474 1572 565 1642 clam
577 1587 727 1662 et'arte,
742 1573 946 1642 Alexander
961 1587 1081 1668 aperto
1101 1574 1222 1642 Marte

276 1667 371 1740 bella
388 1667 574 1740 tradtabot.
594 1669 760 1767 Deceptis
782 1668 841 1740 iile
858 1668 1012 1769 gaudere
1028 1667 1187 1739 hostibus
1208 1696 1220 1762 ς

275 1763 334 1836 bic
359 1767 477 1866 palam
509 1763 609 1838 fusis.
642 1766 853 1838 Prudentior
877 1764 937 1836 ille
962 1765 1128 1857 consilio,
1164 1764 1224 1836 bio

277 1863 396 1956 animo
414 1863 601 1948 illustrior,
623 1863 718 1935 Iram
773 1880 850 1936 oter
875 1861 1119 1953 dissimulare,
1143 1862 1224 1961 ple·

275 1987 429 2073 rumque
442 1961 551 2034 etiani
563 1963 702 2051 vincere
718 1989 730 2053 3
748 1891 840 2032 ilius
859 1959 921 2031 ubi
938 1961 1144 2050 exarsisset,
1157 1987 1223 2032 nec

276 2057 399 2130 dilatio
429 2059 600 2151 ultionis,
637 2085 702 2130 nec
728 2059 853 2130 modus
881 2073 970 2130 erat.
1005 2057 1091 2130 Vini
1116 2058 1222 2128 nimis

276 2169 427 2258 {iterque
452 2157 633 2255 cupidus,
667 2155 730 2228 sed
754 2155 934 2228 ebrietatis
958 2155 1096 2228 diverse
1117 2155 1219 2226 vitia.

276 2253 440 2356 Phiiippo
455 2281 529 2325 mos
551 2270 628 2326 erat
651 2254 758 2326 etiem
781 2255 826 2325 de
849 2252 1006 2326 convivio
1028 2253 1066 2324 in
1083 2251 1221 2324 hostem

302 2379 506 2444 recurrere,
526 2377 674 2424 manum
689 2377 870 2428 conserere
888 2403 901 2443 ‚
926 2349 1089 2450 periculis
1108 2375 1144 2420 se
1167 2347 1221 2420 of-

277 2381 400 2523 ierre·
429 2449 635 2521 Alexander
663 2475 734 2520 non
766 2448 803 2520 in
826 2447 963 2539 hostes,
991 2449 1053 2519 sed
1080 2447 1118 2518 in
1140 2474 1221 2519 suos

276 2504 457 2619 saeviebat.
473 2543 592 2619 'Illum
616 2548 707 2646 saepe
722 2546 949 2646 yulneratum
966 2544 1089 2644 praelio
1111 2546 1221 2616 remi-

278 2662 404 2716 serunt
416 2673 427 2735 ς
451 2643 509 2716 hic
531 2645 722 2716 amicorum
744 2641 945 2715 interfector
968 2642 1125 2715 convivio
1147 2641 1221 2715 fre·

277 2759 430 2843 quenter
445 2743 603 2814 excessit.
623 2741 787 2842 Regnare
802 2740 958 2813 illesum
983 2741 1103 2812 amicis
1122 2740 1221 2812 nole·

277 2839 361 2928 bat,
374 2839 431 2911 hie
444 2839 481 2910 in
497 2839 624 2911 amicos
640 2865 748 2952 regna
763 2839 961 2910 exercebat.
981 2837 1108 2909 Amori
1119 2855 1222 2937 pater

276 2937 404 3030 malle,
414 2936 507 3008 filius
517 2937 642 3008 metui.
657 2939 875 3010 Litterarum
888 2936 1003 3008 cuitus
1015 2934 1158 3036 utrique
1176 2937 1222 3006 si-

277 3035 384 3107 milis.
401 3033 548 3132 Maioris
560 3034 619 3106 ilie
636 3034 784 3107 solertiae
796 3033 854 3106 hic
862 3031 958 3105 fidei.
971 3033 1099 3104 Verbis
1111 3049 1221 3134 etque

278 3135 434 3205 oratione
443 3131 649 3233 Philippus3
664 3131 867 3205 Alexander
873 3131 980 3202 rebus
987 3131 1218 3222 moderatior3

275 3232 445 3332 parcendi
461 3231 583 3323 victis,
602 3229 675 3302 filio
690 3230 827 3301 animus
844 3245 881 3300 et
894 3256 994 3327 prom
1018 3229 1086 3300 tior
1102 3245 1139 3300 et
1153 3228 1220 3299 ho-

278 3329 422 3402 nestior.
447 3329 519 3402 Fru
545 3329 658 3401 alieti
674 3333 799 3428 peter,
821 3327 972 3400 luxuriae
987 3255 1080 3397 iiius
1108 3329 1219 3426 magis

278 3425 420 3500 deditus
433 3443 533 3502 eret..
575 3427 703 3527 enique
721 3424 814 3497 orbis
829 3427 883 3494 Im
908 3425 973 3496 erii
989 3420 1220 3496 firndementa

279 3523 463 3623 Philippus
479 3523 563 3621 jecit
579 3574 591 3616 ,
615 3522 729 3621 operis
738 3522 846 3594 totius
858 3453 1007 3622 gibriem
1016 3521 1220 3594 Alexander

277 3637 545 3698 consumment.
753 3647 757 3656 ·
1161 3693 1166 3705 ,

327 3721 429 3790 Adeo
441 3718 498 3790 vel
508 3745 553 3790 ex
564 3717 827 3818 ipstsanguinis
840 3719 1082 3790 communione
1090 3733 1219 3816 magne

276 3815 457 3888 interdum
465 3816 592 3889 indolis
609 3843 800 3890 aemorum
815 3814 1193 3918 disparitas·exsurgit⁸⁸
