2766 4412
348 121 555 211 nr'nnn
602 153 874 210 narnus.
1010 135 1083 212 333

139 279 205 340 aut
229 285 357 363 negare
385 277 449 333 aut
481 259 700 332 dissimulare
728 262 877 358 videar)
903 262 1080 362 peccavit,

19 407 25 416 ·
141 360 313 458 inquam,
327 375 365 431 at
381 375 564 458 peccatum
582 357 673 430 illud
692 375 814 430 tamen
829 375 967 430 nonest
984 359 1082 456 ejus·
1213 437 1216 446 Δ

98 457 257 547 xmodi,
284 474 326 528 ut
347 483 486 528 omnem
504 455 604 528 indul
625 455 732 528 ¹entiae
750 457 865 528 locum
886 456 1080 528 sustulerit.
1116 477 1120 482 ·

142 554 245 626 Nihil
267 581 331 654 ego
352 555 547 630 detractum
570 483 677 626 veiim
702 554 790 655 legis
817 554 913 626 illius
931 553 1084 626 auctori·

141 651 234 742 tati,
255 679 368 751 quam.
382 650 541 723 recitavit
560 651 664 722 modb
689 652 864 736 studiosus
884 669 1083 743 accusator3

142 748 213 820 scio
231 749 356 850 quanti
380 747 552 821 debeatur
575 749 644 848 ipsi
667 751 892 842 reverentia,
913 766 949 821 et
1000 751 1084 829 uam
1106 773 1273 836 ramma·

40 851 47 859 '
143 872 266 946 graves
296 864 476 919 mereatur
559 873 623 920 uas
643 843 817 946 experiri,
840 847 904 948 qni
923 777 1174 948 sorlptilestfli*

143 943 328 1056 quidpiam
366 874 585 1018 adoranddem
619 944 773 1019 duxerit.
795 947 938 1042 Ventri
959 971 1085 1046 quam

78 1061 82 1068 ·
144 1038 266 1117 intulrt
274 1041 334 1122 ills
343 1041 387 1116 de
397 1042 524 1209 populo
533 1059 652 1114 nostro
661 1043 851 1136 labem,ut
860 1041 1027 1116 violatam
1037 1042 1085 1114 ab

144 1137 219 1239 ipso
241 1140 355 1240 legem
374 1141 400 1212 il
415 1168 473 1212 am
493 1140 710 1234 arbitretur,
734 1168 799 1213 nec
827 1141 993 1240 probabit
1012 1127 1082 1214 un‘-
1165 1189 1170 1198 ·

144 1265 276 1338 quam,
294 1265 358 1310 nec
375 1237 496 1309 l'ecisse
511 1233 632 1312 fucum
647 1237 755 1310 etiarn
770 1239 961 1312 videbitur.
972 1239 1084 1338 Putas

143 1337 314 1410 nimirtm
334 1335 426 1407 bano
441 1331 547 1408 fuisse
565 1351 723 1406 mentem
734 1336 876 1435 populi,
898 1353 965 1426 ut,
988 1336 1085 1436 quod
1180 1385 1186 1398 ι

144 1433 309 1506 manibus
326 1435 409 1601 ‚ipse
435 1431 506 1520 suis
532 1427 769 1523 conflaverat,
791 1433 829 1504 in
853 1458 895 1504 eo
923 1433 1085 1517 divinum

145 1531 261 1603 inesse
281 1530 343 1632 qui
369 1531 452 1602 darn
473 1527 713 1602 existimaret!
732 1545 794 1600 aut
818 1530 913 1630 quod
932 1555 1003 1602 non
1021 1559 1084 1603 ex-

144 1653 225 1728 pers
245 1629 350 1700 modo
363 1627 555 1721 Numinis,
576 1627 639 1702 sed
661 1626 795 1700 ratione
815 1627 891 1728 ipsa
909 1655 1086 1729 sensuque

144 1728 304 1802 crederet
323 1728 561 1819 destitutum,
581 1727 689 1820 huic,
706 1743 879 1829 tanquam
893 1728 991 1819 Deo,
1013 1726 1086 1798 oul-

147 1839 224 1898 tum
250 1853 291 1898 ao
314 1825 520 1926 religionem
540 1824 779 1900 adhibendam
802 1852 877 1896 esse
902 1823 1086 1898 censeret?

146 1921 243 1996 Mihi
265 1925 394 2016 crede,
443 1924 647 1997 uantumris
679 1949 807 1995 nocens
827 1921 953 2009 ,videti
979 1921 1088 2023 possit

147 2031 231 2093 tuus
250 2021 309 2092 ille
337 2049 405 2121 pop
445 2047 514 2113 us,
544 2023 617 2115 non
640 2020 736 2095 cadit
765 2021 804 2092 in
827 2047 912 2094 eum
934 2019 1090 2119 pravitas

84 2111 87 2119 ¹
149 2134 250 2192 tanta
266 2125 358 2208 ,lut
385 2120 530 2191 sceleris
558 2119 667 2220 hujus
698 2146 781 2212 reus
817 2119 953 2216 audiat.
983 2119 1100 2190 Illum.

149 2231 329 2316 nontam:
353 2217 464 2288 cordis
499 2217 659 2309 malitia,
686 2220 795 2318 qudm
828 2216 940 2288 animi
964 2216 1090 2289 levitas

148 2330 187 2385 et
209 2311 443 2386 inconstantia
454 2313 500 2384 ab
514 2311 625 2385 officio
637 2341 699 2386 suo
709 2315 878 2386 miserum
893 2315 932 2386 in
946 2315 1092 2386 modum
1120 2381 1122 2386 .

78 2415 80 2420 ’
149 2409 323 2493 abduxit..
337 2411 397 2483 Tu
424 2411 688 2484 nostiindolem
709 2413 823 2513 gentis
839 2412 955 2503 illius,
983 2439 1092 2513 quam

150 2509 242 2610 rogis
264 2524 316 2580 tot
332 2511 379 2580 ab
399 2509 481 2580 hinc
501 2533 611 2581 annos
631 2531 671 2583 'ac
686 2510 906 2601 moderaris3
926 2533 970 2580 ex
1016 2526 1092 2582 rtus

150 2632 188 2678 es
211 2630 282 2680 non
306 2606 415 2680 semel
440 2609 630 2682 voluntatis
654 2609 841 2680 imbecillae
871 2625 971 2680 muta
996 2608 1091 2680 ilita·

150 2721 249 2796 tem3
270 2721 307 2774 at
318 2705 417 2777 nulla
430 2707 487 2778 vel
506 2707 689 2806 pravitatis
704 2707 761 2783 rel
777 2707 967 2808 impietatis
983 2705 1093 2780 vesti·
1110 2761 1113 2768 ·

151 2801 210 2900 gia
238 2801 511 2900 deprehendisti.
742 2825 746 2832 ·
896 2825 898 2830 ·

173 2959 182 2972 .
202 2897 243 2968 Si
261 2914 380 2970 tamen
396 2901 535 2999 culpam
545 2903 663 2995 illam,
677 2929 787 3004 quam
799 2902 941 2974 admisit
955 2902 1093 3002 impru·
1161 2934 1174 2946 ·

153 2997 262 3088 dens,
287 3013 443 3082 extremo
458 3001 697 3113 castigandam
713 3001 880 3101 supplicio
896 2997 1092 3072 aestimasti.

154 3096 195 3166 Si
213 3093 331 3166 delere
358 3095 527 3194 populum
547 3099 649 3170 dlum
666 3125 795 3197 paras,
820 3099 919 3196 cujus
941 3104 1097 3175 tutorem

154 3209 190 3266 te
208 3221 248 3266 ac
273 3189 516 3286 defensorem,
536 3197 681 3292 velipao
704 3195 825 3294 capitis
845 3195 898 3266 tui
917 3191 1092 3292 periculo,

154 3291 258 3364 toties
286 3289 465 3391 professus
502 3299 564 3380 es'3
607 3291 720 3383 ride,
767 3290 932 3382 amabo,
952 3291 1094 3391 qualem

155 3389 276 3461 Deum
307 3389 356 3462 in*
376 3389 493 3488 ipsum
528 3388 712 3462 oabrmniae
745 3387 864 3460 labem
894 3415 1094 3462 accensurus

157 3487 217 3558 sis.
236 3486 322 3581 Non
337 3504 436 3588 potes
454 3485 684 3558 Israb'liticum
703 3487 911 3587 sanguinem
924 3485 1093 3578 tundere,
1118 3527 1126 3565 γ

158 3585 227 3654 nisi
251 3585 354 3656 caedis
384 3601 561 3656 auctorem
583 3583 703 3657 Deum
729 3581 859 3676 facias,
885 3602 922 3657 et
941 3586 1096 3668 odiosam
1109 3607 1121 3632 ¹³

5 3719 6 3722 ,
112 3771 115 3777 ¹
156 3681 227 3782 ipsi
243 3683 456 3759 crudelitatis
476 3681 609 3759 lamam
625 3684 790 3785 imputes·
809 3682 907 3760 Nam
927 3685 1015 3788 quid
1040 3683 1095 3756 dp,
1109 3671 1127 3700 s„
