2768 4410
345 241 552 292 ursus
604 239 877 290 rannus.
1009 223 1079 298 311

143 337 252 454 idem
262 391 276 444 ἓ
300 339 385 440 quia
409 338 461 410 illi
478 353 580 431 crant
597 336 786 437 impudice
804 337 961 412 foeminae
983 337 1086 416 fami·

143 438 345 628 bagisino.
379 495 572 604 Si'Testes
601 532 807 604 auctoritato
841 531 937 634 digni
965 533 1084 634 profe·
1137 477 1146 492 ·
1201 523 1206 534 ⁵

88 653 90 660 ’
142 649 293 724 rantur,
349 631 455 702 uibus
482 629 692 729 ignobilium
716 629 879 702 Testium
901 628 1009 704 fidem
1026 633 1084 704 in-

50 797 56 804 .
143 728 290 898 &iiiiii
313 659 566 898 {iiiiiiaestat'
580 726 727 820 Cicero,
753 727 896 800 laudato
923 727 996 800 loco
1021 757 1086 829 pro

190 925 359 1022 Denique
388 923 434 994 ad
464 921 671 996 elevandam
700 921 773 995 vira
800 919 990 1015 Tettium,
1022 923 1086 1026 qui
1194 927 1196 932 ’

142 1021 277 1093 nullam
299 1021 356 1093 vel
371 1019 629 1120 improbitatis,
655 1018 713 1092 vel
731 1019 996 1092 inimicitiarum
1012 1049 1089 1093 sus-

142 1118 315 1230 picionem
334 1115 465 1190 babere
481 1118 615 1215 possint
625 1168 647 1227 ‚·
655 1115 832 1215 geminam
850 1118 918 1190 init
943 1117 1085 1194 Tullius

142 1231 315 1288 rationem
327 1243 340 1306 3
372 1214 542 1306 alteram,
571 1229 612 1284 ut
637 1240 676 1284 1n
700 1214 893 1302 amicorum
922 1214 1087 1314 periculis
1199 1239 1202 1246 ⁴

55 1335 60 1344 ·
142 1312 259 1384 locum
279 1339 355 1384 esse
383 1309 530 1382 honesto
558 1309 741 1382 mendacio
766 1328 867 1410 putet
889 1341 898 1384 s
923 1312 1088 1386 Alteram

142 1427 185 1482 ut
202 1409 346 1483 Judices
371 1409 618 1498 obsecrentur,
639 1432 684 1478 ne
701 1407 775 1479 ullt
796 1409 833 1479 di
882 1407 975 1480 'tatis
994 1409 1088 1482 Tes-

144 1507 236 1578 tium
262 1505 387 1578 habita
412 1505 566 1597 ratione,
591 1520 732 1578 tontum
757 1505 819 1606 qui
868 1505 987 1580 dicant
1008 1507 1087 1600 illi,

143 1604 363 1708 intueantur.
420 1604 456 1630 ’”
723 1671 729 1684 .

47 1704 49 1712 ’
192 1701 321 1773 Prioris
343 1699 544 1800 exemplum
564 1697 679 1772 babes
697 1727 760 1799 pro
784 1699 925 1801 Ligario
950 1729 991 1774 n.
1027 1701 1087 1776 16.

147 1798 268 1894 Quod
286 1802 330 1884 si,
344 1799 485 1872 Cccsari
528 1797 662 1871 robore
672 1823 875 1914 possemus
892 1802 932 1874 irr
948 1800 1091 1897 rstica

142 1897 341 1998 Ligarium
363 1827 605 1970 amaminor
625 1895 753 1994 fuisse
765 1945 786 1983 „
808 1898 843 1968 si
872 1895 1026 1971 lrouesto
1048 1913 1090 1969 et

142 1993 377 2067 misericordi
400 1993 601 2068 mendacio
627 1991 746 2066 saluti
762 1995 854 2067 ciris
873 1993 1088 2068 calamitosi

142 2091 354 2166 coasultum
390 2117 474 2164 csse
509 2088 731 2180 vellemus3
769 2107 895 2165 tamea
926 2090 1088 2166 hominis

145 2215 218 2260 nou
251 2206 353 2262 esset
361 2185 383 2274 ,'
405 2193 445 2260 irr
470 2205 574 2262 tanto
604 2186 823 2263 discrimine
851 2209 893 2264 et
908 2185 1088 2292 periculo

144 2289 239 2360 ciris
260 2283 436 2384 refellere
456 2303 498 2359 et
516 2312 560 2358 co
680 2311 722 2377 re
747 2305 912 2360 nostrum
934 2285 1089 2360 menda·
1210 2317 1218 2328 ·

144 2387 245 2456 cium
261 2435 278 2470 ,
305 2387 407 2456 etsi
435 2401 538 2456 esset
603 2385 728 2485 icujus
736 2435 752 2470 ,
781 2385 866 2456 e'us
890 2385 990 2457 certi
1015 2409 1090 2455 uon

145 2499 271 2568 esset,
286 2484 410 2583 quiin
433 2479 570 2552 eadem
587 2481 709 2556 causti
721 2411 929 2580 etsirtund
956 2483 1091 2556 uisset.

194 2579 397 2652 Posteriotis
433 2575 635 2678 exemplum
664 2578 754 2674 erit,
785 2577 880 2692 quod
941 2578 1000 2650 'cit
1027 2605 1092 2678 pro
1201 2596 1207 2610 “

143 2675 1091 2766 MmaenaadclevandumCatonistestimoniumn.58'.
1155 2757 1176 2780 κ

148 2776 190 2850 V
185 2778 269 2846 euio
297 2803 394 2848 nunc
420 2775 480 2848 aa'
497 2779 561 2848 M.
589 2775 792 2867 Catonem,
818 2773 926 2876 quod
946 2773 1092 2875 estfir-

146 2888 373 2944 mamertum
392 2897 442 2943 ac
455 2872 570 2946 robur
582 2877 697 2948 totius
715 2875 998 2948 accusationis:
1024 2873 1093 2973 qui

147 2969 206 3039 ita
264 2972 362 3041 raris
397 2987 457 3042 est
479 2987 682 3043 accusator·
704 2997 753 3043 ac
779 2969 1017 3053 vehemens,
1051 2984 1097 3039 ut

145 3060 230 3138 mul
283 3069 405 3164 magis
427 3071 714 3156 auctoritatem,
731 3069 845 3172 quam
859 3067 1092 3140 criminatio-

145 3189 232 3233 uem
258 3165 543 3262 pertimescam.
564 3169 611 3238 Irr
641 3191 716 3267 quo
740 3190 811 3264 ego
841 3177 1064 3236 accusatore
1076 3209 1094 3244 ,

146 3259 307 3332 Judices
316 3311 332 3345 ,
340 3261 509 3360 primum
532 3261 637 3332 illud
650 3259 909 3361 deprecabor,
926 3281 975 3329 ne
1000 3253 1101 3358 quid

146 3358 195 3450 L.
216 3359 402 3428 Muraena
420 3353 588 3456 dignitas
605 3355 711 3427 illius
718 3407 733 3441 ,
752 3380 800 3425 ne
817 3353 918 3455 quid
928 3379 1094 3456 exspec-

148 3458 242 3527 tatio
262 3455 519 3548 Triburratris„
542 3477 591 3526 ne
611 3452 711 3556 quid
724 3453 839 3525 totius
859 3455 949 3526 oitce
964 3451 1094 3553 splen-

149 3550 222 3622 dor
242 3569 282 3624 et
294 3555 465 3659 gravitas
490 3569 629 3625 aoceat
640 3581 658 3641 ‚·
689 3550 857 3651 denique
879 3577 928 3622 ue
950 3576 999 3622 ea
1021 3540 1096 3621 soli

149 3646 241 3756 huic
254 3649 377 3724 obsint
393 3649 491 3724 berra
503 3651 565 3720 M.
583 3649 736 3722 Catonis
748 3699 764 3734 ,
785 3671 870 3748 qua
885 3647 955 3722 ila»
969 3646 1096 3748 adq]-

149 3763 213 3820 tus
236 3763 314 3836 est,
337 3765 381 3823 ut
403 3745 532 3824 multis
544 3745 736 3850 prodesse
745 3763 897 3847 posset.
963 3841 969 3854 ³
