2768 4410
361 269 571 323 rrrnu
617 265 896 323 rituum
1026 245 1101 328 305

155 393 264 486 quem
289 371 437 446 mira-tus
464 401 502 445 es
529 373 603 472 ipse
628 372 761 464 toties,
787 399 897 473 quem
924 369 1099 474 dicentem

155 470 357 562 aestrmasti,
373 499 480 570 quern
496 469 586 542 bene
606 486 808 542 monentem
826 485 862 542 et
878 498 963 541 sana
973 500 1099 544 consu·
1213 475 1216 482 ’

154 567 289 640 lentem
308 568 401 638 ultrd
422 561 610 668 volensque
638 565 852 658 sustinuisti,
873 568 971 638 inani
987 595 1099 641 sacra·

155 665 459 764 mentireligione
481 665 657 762 perculsus
681 652 920 736 interficeres?

204 763 265 833 An
275 759 335 832 hic
350 763 437 853 tibi,
460 757 624 862 Princeps
652 761 926 859 sapientissime,
942 761 1009 834 fuit
1025 765 1100 834 ani-

155 887 261 950 mus,
279 863 361 930 cum
379 856 536 930 saltantis
580 857 681 930 uellae
698 873 820 956 captus
835 856 969 958 giutid,
990 860 1100 960 quod-

155 981 306 1054 cumque
319 956 529 1055 postulasset
538 885 618 1045 iia,
632 955 865 1052 pollicereris3
880 961 963 1026 cum
979 957 1099 1028 datam

155 1047 263 1126 fidem
289 1052 475 1152 interjecti
496 1052 705 1124 sacramenti
727 1049 894 1151 religione
913 1045 1098 1124 confirma-

156 1177 239 1241 res3
256 1155 337 1222 edm
352 1147 409 1222 vel
430 1149 574 1222 tertiam
595 1177 633 1220 re
684 1150 691 1164 '
719 1149 772 1220 tui
788 1165 927 1248 partem
947 1175 1018 1222 non
1035 1153 1100 1222 du-

116 1289 123 1300 ·
155 1241 287 1318 biteres
308 1247 560 1348 oppignerare,
579 1273 625 1316 en
676 1247 727 1337 ''c‚
753 1245 921 1347 inquam,
944 1241 1010 1318 tibi
1031 1245 1100 1319 luit

157 1345 321 1434 arsinus,
347 1351 388 1414 ut
410 1338 450 1414 in
472 1342 579 1438 rebus
596 1344 704 1414 etiam
730 1343 959 1444 iniquissimis
978 1345 1098 1458 repul-

75 1521 82 1531 ·
154 1467 234 1512 sem
255 1468 326 1512 non
342 1436 471 1512 ferrat
488 1441 584 1540 Ergo
599 1439 628 1512 si
644 1439 738 1539 leges
764 1439 907 1553 refringi
923 1443 1100 1512 sanctissi-

155 1565 255 1627 mas,
275 1536 396 1636 sijura
412 1537 533 1610 violari
546 1537 683 1628 omnia,
700 1537 729 1608 si
770 1536 920 1650 uidqurd
936 1539 975 1612 in
991 1566 1100 1640 regne

156 1653 219 1708 tuo
240 1636 412 1706 sancitum
438 1632 635 1734 sapienter,
657 1565 860 1708 labesiictarr
878 1662 920 1706 ac
969 1647 1102 1706 essum-¹

153 1733 231 1828 dari
246 1749 449 1832 precaretur
463 1749 529 1823 3tu
542 1734 671 1830 puellae
684 1725 899 1832 impudentis
914 1662 968 1803 ad
977 1749 1101 1806 votum

152 1831 302 1976 mimepe
325 1830 501 1931 susdeque
532 1827 653 1902 omnia
682 1845 789 1930 etque
824 1846 981 1904 evertere
1010 1831 1104 1932 cogi·
1153 1835 1155 1846 '
1201 1893 1204 1902 .

153 1945 270 2002 tares.

204 2027 254 2118 Et
287 2015 353 2096 hoc
379 2020 492 2098 credis
520 2019 594 2096 lore
621 2017 670 2096 ali
695 2049 777 2096 uem
803 2027 823 2094 ὲ
847 2021 1101 2096 consultissimo

56 2189 60 2200 ‚
97 2199 101 2218 .
152 2121 364 2196 'Aulicorum
376 2139 472 2196 eoetu
489 2123 611 2224 qiuap
635 2050 761 2194 roieti
782 2119 845 2222 qui
860 2138 934 2194 tarn
948 2123 1102 2222 impium

152 2216 301 2292 admitti
321 2223 344 2290 d
369 2235 405 2290 te
426 2215 563 2294 facinus
588 2149 683 2292 ultro
699 2217 892 2332 volensque
914 2215 1102 2331 patiaturi
1225 2243 1227 2258 ⁴

153 2316 222 2416 qui
245 2333 450 2387 succenseat
478 2316 573 2406 tibi,
638 2313 710 2388 udd
749 2315 943 2416 insiprentrs
969 2315 1102 2428 puellae

154 2439 277 2514 preces
294 2407 476 2510 rejeceris,
500 2413 562 2516 qui
573 2345 979 2512 vitiatamjuris'jurandr
994 2409 1102 2483 fidem
1190 2465 1199 2488 1

151 2507 394 2612 expostulet'l·
410 2507 488 2582 imo
499 2564 512 2605 ,
549 2511 645 2604 imd3
672 2537 718 2582 ne
747 2509 901 2604 dubita,
936 2507 1102 2610 Princeps

152 2603 433 2711 sapientissime,
460 2607 712 2682 collaudabunt
743 2635 863 2681 omnes
892 2605 1101 2710 sapientiam
1214 2633 1219 2660 ¹

153 2709 280 2796 tuarir,
306 2732 415 2806 quam
438 2703 602 2807 intercipi
626 2704 752 2780 dolosis
780 2702 888 2782 vafrae
909 2705 1036 2806 puellae
1055 2706 1101 2775 il—

154 2803 303 2874 lecebris
328 2830 399 2874 non
422 2803 623 2901 permiseris
642 2832 653 2894 ς
679 2801 921 2904 praedicabunt
939 2799 1109 2874 humani.

156 2915 269 2970 tatem
286 2914 410 2990 tuam,
430 2903 493 3000 qui
508 2896 647 2974 afflictae
662 2897 870 2974 innocentiae
890 2911 1010 2972 contra
1027 2895 1102 2971 vini

155 3011 267 3094 atque
294 2995 483 3070 audaciam
513 2994 681 3070 edisseris.
716 2995 894 3070 Extollent
927 3018 1102 3078 summam

157 3119 189 3166 ae
215 3091 366 3164 uitatem
380 3177 383 3184 .
396 3108 526 3186 tuam,
559 3095 623 3196 qui
650 3090 815 3196 perficere
854 3119 936 3165 cnm
972 3091 1103 3164 scelere

156 3119 334 3280 ndlueris,
360 3189 454 3288 quod
474 3190 627 3288 polliceri
649 3191 724 3264 sine
746 3192 873 3264 scelere
888 3215 960 3261 non
977 3201 1101 3288 potue·

158 3313 229 3359 ras.
256 3285 349 3359 Vive
378 3311 419 3357 er
441 3315 462 3356 o
488 3285 628 3360 securus
658 3286 750 3360 auloe
782 3305 873 3378 tuae,
894 3283 1000 3384 rejice
1026 3291 1103 3358 tte

158 3383 192 3458 lo
242 3385 297 3456 ius
327 3409 407 3455 cons
448 3399 523 3456 tarn
544 3383 636 3456 male
661 3399 697 3453 et
717 3383 977 3482 imprudentem
997 3381 1103 3456 nimis

161 3412 344 3578 prieilem
366 3498 428 3573 et,
454 3506 534 3581 quse
558 3498 632 3554 tam
659 3479 781 3582 inique
799 3481 921 3558 donari
936 3479 1003 3554 sibi
1020 3509 1103 3582 pos⁴

109 3589 111 3595 ‘
162 3578 309 3669 tulerit,
338 3605 418 3652 earn
439 3575 561 3656 debita
585 3577 693 3658 etiam
709 3581 817 3682 poend
840 3579 1011 3652 mulctare
1033 3599 1104 3657 nou

163 3672 318 3746 dubites.
781 3699 788 3725 ²
1017 3741 1022 3746 .

267 3773 370 3845 Tem.
397 3777 430 3848 I.
881 3769 916 3848 V
