<?xml version="1.0" encoding="UTF-8"?>
<!DOCTYPE html PUBLIC "-//W3C//DTD XHTML 1.0 Transitional//EN"
    "http://www.w3.org/TR/xhtml1/DTD/xhtml1-transitional.dtd">
<html xmlns="http://www.w3.org/1999/xhtml" xml:lang="en" lang="en">
 <head>
  <title>
</title>
<meta http-equiv="Content-Type" content="text/html;charset=utf-8" />
  <meta name='ocr-system' content='tesseract 3.04.00' />
  <meta name='ocr-capabilities' content='ocr_page ocr_carea ocr_par ocr_line ocrx_word'/>
</head>
<body>
  <div class='ocr_page' id='page_1' title='image "./bibliothecarhet01jaygoog/bibliothecarhet01jaygoog_0072.png"; bbox 0 0 2682 4412; ppageno 0'>
   <div class='ocr_carea' id='block_1_1' title="bbox 321 173 995 247">
    <p class='ocr_par' dir='ltr' id='par_1_1' title="bbox 321 173 995 247">
     <span class='ocr_line' id='line_1_1' title="bbox 321 173 995 247; baseline 0 -1"><span class='ocrx_word' id='word_1_1' title='bbox 321 173 369 246; x_wconf 82' lang='lat'><strong>⁶6</strong></span> <span class='ocrx_word' id='word_1_2' title='bbox 586 195 995 247; x_wconf 70' lang='lat' dir='ltr'><strong>tancoarcn</strong></span> 
     </span>
    </p>
   </div>
   <div class='ocr_carea' id='block_1_2' title="bbox 120 289 1254 2320">
    <p class='ocr_par' dir='ltr' id='par_1_2' title="bbox 250 289 1254 462">
     <span class='ocr_line' id='line_1_2' title="bbox 250 289 1254 396; baseline 0.001 -28"><span class='ocrx_word' id='word_1_3' title='bbox 250 355 255 368; x_wconf 92' lang='lat'><strong>.</strong></span> <span class='ocrx_word' id='word_1_4' title='bbox 318 307 383 364; x_wconf 88' lang='lat' dir='ltr'><strong>aut</strong></span> <span class='ocrx_word' id='word_1_5' title='bbox 402 289 526 392; x_wconf 73' lang='lat' dir='ltr'><strong>patriae</strong></span> <span class='ocrx_word' id='word_1_6' title='bbox 547 291 640 366; x_wconf 83' lang='lat' dir='ltr'><strong>salus</strong></span> <span class='ocrx_word' id='word_1_7' title='bbox 666 293 991 394; x_wconf 87' lang='lat' dir='ltr'><strong>Imperatorumque</strong></span> <span class='ocrx_word' id='word_1_8' title='bbox 1017 291 1114 392; x_wconf 80' lang='lat' dir='ltr'><strong>jussa</strong></span> <span class='ocrx_word' id='word_1_9' title='bbox 1136 306 1254 396; x_wconf 80' lang='lat' dir='ltr'><strong>repos-</strong></span> 
     </span>
     <span class='ocr_line' id='line_1_3' title="bbox 316 406 414 462; baseline 0.01 -2"><span class='ocrx_word' id='word_1_10' title='bbox 316 406 414 462; x_wconf 87' lang='lat' dir='ltr'><strong>cunt.</strong></span> 
     </span>
    </p>

    <p class='ocr_par' dir='ltr' id='par_1_3' title="bbox 120 483 1254 2238">
     <span class='ocr_line' id='line_1_4' title="bbox 367 483 1254 598; baseline 0.007 -40"><span class='ocrx_word' id='word_1_11' title='bbox 367 487 438 558; x_wconf 85' lang='lat' dir='ltr'><strong>Sed</strong></span> <span class='ocrx_word' id='word_1_12' title='bbox 447 486 535 598; x_wconf 85' lang='lat' dir='ltr'><strong>quid</strong></span> <span class='ocrx_word' id='word_1_13' title='bbox 542 513 606 587; x_wconf 83' lang='lat' dir='ltr'><strong>ego</strong></span> <span class='ocrx_word' id='word_1_14' title='bbox 615 483 748 558; x_wconf 76' lang='lat' dir='ltr'><strong>diutius</strong></span> <span class='ocrx_word' id='word_1_15' title='bbox 755 487 922 558; x_wconf 89' lang='lat' dir='ltr'><strong>immoror</strong></span> <span class='ocrx_word' id='word_1_16' title='bbox 937 487 1029 560; x_wconf 65' lang='lat' dir='ltr'><strong>inei</strong></span> <span class='ocrx_word' id='word_1_17' title='bbox 1041 485 1254 565; x_wconf 65' lang='lat' dir='ltr'><strong>confutanda</strong></span> 
     </span>
     <span class='ocr_line' id='line_1_5' title="bbox 127 579 1254 688; baseline 0.006 -35"><span class='ocrx_word' id='word_1_18' title='bbox 127 623 149 668; x_wconf 59' lang='grc' dir='ltr'><strong>Α</strong></span> <span class='ocrx_word' id='word_1_19' title='bbox 165 622 305 688; x_wconf 53' lang='lat' dir='ltr'><strong>nwm.</strong></span> <span class='ocrx_word' id='word_1_20' title='bbox 317 583 494 656; x_wconf 72' lang='lat' dir='ltr'><strong>calumma</strong></span> <span class='ocrx_word' id='word_1_21' title='bbox 503 636 515 675; x_wconf 90' lang='lat'><strong>,</strong></span> <span class='ocrx_word' id='word_1_22' title='bbox 534 610 614 684; x_wconf 85' lang='lat' dir='ltr'><strong>quae</strong></span> <span class='ocrx_word' id='word_1_23' title='bbox 634 581 742 654; x_wconf 83' lang='lat' dir='ltr'><strong>nullis</strong></span> <span class='ocrx_word' id='word_1_24' title='bbox 765 584 850 654; x_wconf 80' lang='lat' dir='ltr'><strong>nixa</strong></span> <span class='ocrx_word' id='word_1_25' title='bbox 864 579 1103 658; x_wconf 83' lang='lat' dir='ltr'><strong>fundamentis</strong></span> <span class='ocrx_word' id='word_1_26' title='bbox 1119 585 1191 658; x_wconf 87' lang='lat' dir='ltr'><strong>ruit</strong></span> <span class='ocrx_word' id='word_1_27' title='bbox 1206 613 1254 660; x_wconf 82' lang='lat' dir='ltr'><strong>ex</strong></span> 
     </span>
     <span class='ocr_line' id='line_1_6' title="bbox 129 677 1252 774; baseline 0.005 -22"><span class='ocrx_word' id='word_1_28' title='bbox 129 686 200 733; x_wconf 58' lang='grc' dir='ltr'>Μ</span> <span class='ocrx_word' id='word_1_29' title='bbox 289 749 291 752; x_wconf 86' lang='grc'>.</span> <span class='ocrx_word' id='word_1_30' title='bbox 318 708 356 753; x_wconf 88' lang='lat' dir='ltr'><strong>se</strong></span> <span class='ocrx_word' id='word_1_31' title='bbox 369 710 405 753; x_wconf 85' lang='lat' dir='ltr'><strong>se</strong></span> <span class='ocrx_word' id='word_1_32' title='bbox 417 709 457 753; x_wconf 91' lang='lat' dir='ltr'><strong>ac</strong></span> <span class='ocrx_word' id='word_1_33' title='bbox 472 677 711 754; x_wconf 63' lang='lat' dir='ltr'><strong>subvertitur?</strong></span> <span class='ocrx_word' id='word_1_34' title='bbox 727 680 781 752; x_wconf 89' lang='lat' dir='ltr'><strong>Sit</strong></span> <span class='ocrx_word' id='word_1_35' title='bbox 791 681 843 752; x_wconf 91' lang='lat' dir='ltr'><strong>ita</strong></span> <span class='ocrx_word' id='word_1_36' title='bbox 856 685 958 774; x_wconf 69' lang='lat' dir='ltr'><strong>sane,</strong></span> <span class='ocrx_word' id='word_1_37' title='bbox 969 681 1023 758; x_wconf 88' lang='lat' dir='ltr'><strong>uti</strong></span> <span class='ocrx_word' id='word_1_38' title='bbox 1034 699 1252 758; x_wconf 77' lang='lat' dir='ltr'><strong>accusatores</strong></span> 
     </span>
     <span class='ocr_line' id='line_1_7' title="bbox 315 774 1252 880; baseline -0.001 -26"><span class='ocrx_word' id='word_1_39' title='bbox 315 779 471 880; x_wconf 88' lang='lat' dir='ltr'><strong>imperiti</strong></span> <span class='ocrx_word' id='word_1_40' title='bbox 480 778 683 850; x_wconf 78' lang='lat' dir='ltr'><strong>clamitant:</strong></span> <span class='ocrx_word' id='word_1_41' title='bbox 704 776 770 850; x_wconf 90' lang='lat' dir='ltr'><strong>hoc</strong></span> <span class='ocrx_word' id='word_1_42' title='bbox 779 774 968 852; x_wconf 84' lang='lat' dir='ltr'><strong>informare</strong></span> <span class='ocrx_word' id='word_1_43' title='bbox 977 779 1094 852; x_wconf 86' lang='lat' dir='ltr'><strong>animo</strong></span> <span class='ocrx_word' id='word_1_44' title='bbox 1105 795 1180 852; x_wconf 87' lang='lat' dir='ltr'><strong>tam</strong></span> <span class='ocrx_word' id='word_1_45' title='bbox 1190 781 1252 854; x_wconf 84' lang='lat' dir='ltr'><strong>da·</strong></span> 
     </span>
     <span class='ocr_line' id='line_1_8' title="bbox 313 873 1251 974; baseline 0.006 -28"><span class='ocrx_word' id='word_1_46' title='bbox 313 875 477 972; x_wconf 73' lang='lat' dir='ltr'><strong>testabile</strong></span> <span class='ocrx_word' id='word_1_47' title='bbox 492 874 674 950; x_wconf 86' lang='lat' dir='ltr'><strong>consilium</strong></span> <span class='ocrx_word' id='word_1_48' title='bbox 684 873 877 948; x_wconf 77' lang='lat' dir='ltr'><strong>Christiani</strong></span> <span class='ocrx_word' id='word_1_49' title='bbox 890 877 1093 974; x_wconf 80' lang='lat' dir='ltr'><strong>potuerint,</strong></span> <span class='ocrx_word' id='word_1_50' title='bbox 1111 877 1251 952; x_wconf 88' lang='lat' dir='ltr'><strong>habue-</strong></span> 
     </span>
     <span class='ocr_line' id='line_1_9' title="bbox 261 971 1251 1073; baseline 0.002 -27"><span class='ocrx_word' id='word_1_51' title='bbox 261 1013 263 1022; x_wconf 40' lang='grc' dir='ltr'>ν</span> <span class='ocrx_word' id='word_1_52' title='bbox 312 973 386 1046; x_wconf 88' lang='lat' dir='ltr'><strong>rint</strong></span> <span class='ocrx_word' id='word_1_53' title='bbox 397 974 449 1044; x_wconf 90' lang='lat' dir='ltr'><strong>illi</strong></span> <span class='ocrx_word' id='word_1_54' title='bbox 464 971 669 1072; x_wconf 85' lang='lat' dir='ltr'><strong>conjurandi</strong></span> <span class='ocrx_word' id='word_1_55' title='bbox 684 973 722 1046; x_wconf 88' lang='lat' dir='ltr'><strong>in</strong></span> <span class='ocrx_word' id='word_1_56' title='bbox 733 971 929 1072; x_wconf 85' lang='lat' dir='ltr'><strong>patriamet</strong></span> <span class='ocrx_word' id='word_1_57' title='bbox 945 975 984 1046; x_wconf 91' lang='lat' dir='ltr'><strong>in</strong></span> <span class='ocrx_word' id='word_1_58' title='bbox 998 975 1251 1073; x_wconf 75' lang='lat' dir='ltr'><strong>Imperatorem</strong></span> 
     </span>
     <span class='ocr_line' id='line_1_10' title="bbox 311 1069 1251 1171; baseline 0.003 -27"><span class='ocrx_word' id='word_1_59' title='bbox 311 1069 431 1171; x_wconf 82' lang='lat' dir='ltr'><strong>ipsum</strong></span> <span class='ocrx_word' id='word_1_60' title='bbox 450 1069 694 1162; x_wconf 64' lang='lat' dir='ltr'><strong>voluntatem</strong></span> <span class='ocrx_word' id='word_1_61' title='bbox 725 1069 855 1170; x_wconf 89' lang='lat' dir='ltr'><strong>quibus</strong></span> <span class='ocrx_word' id='word_1_62' title='bbox 884 1071 1029 1144; x_wconf 85' lang='lat' dir='ltr'><strong>tandem</strong></span> <span class='ocrx_word' id='word_1_63' title='bbox 1055 1071 1251 1148; x_wconf 82' lang='lat' dir='ltr'><strong>rationibus</strong></span> 
     </span>
     <span class='ocr_line' id='line_1_11' title="bbox 293 1163 1249 1269; baseline 0.003 -31"><span class='ocrx_word' id='word_1_64' title='bbox 293 1235 295 1238; x_wconf 84' lang='lat'><strong>.</strong></span> <span class='ocrx_word' id='word_1_65' title='bbox 312 1163 526 1240; x_wconf 71' lang='lat' dir='ltr'><strong>meditatum</strong></span> <span class='ocrx_word' id='word_1_66' title='bbox 537 1167 649 1240; x_wconf 86' lang='lat' dir='ltr'><strong>scelus</strong></span> <span class='ocrx_word' id='word_1_67' title='bbox 655 1194 720 1238; x_wconf 87' lang='lat' dir='ltr'><strong>exe</strong></span> <span class='ocrx_word' id='word_1_68' title='bbox 745 1165 937 1240; x_wconf 72' lang='lat' dir='ltr'><strong>uerenturi</strong></span> <span class='ocrx_word' id='word_1_69' title='bbox 951 1167 1100 1269; x_wconf 81' lang='lat' dir='ltr'><strong>quasilli</strong></span> <span class='ocrx_word' id='word_1_70' title='bbox 1110 1169 1225 1268; x_wconf 84' lang='lat' dir='ltr'><strong>copias</strong></span> <span class='ocrx_word' id='word_1_71' title='bbox 1234 1221 1249 1262; x_wconf 91' lang='lat'><strong>,</strong></span> 
     </span>
     <span class='ocr_line' id='line_1_12' title="bbox 310 1194 1251 1365; baseline 0.005 -29"><span class='ocrx_word' id='word_1_72' title='bbox 310 1291 401 1365; x_wconf 90' lang='lat' dir='ltr'><strong>quos</strong></span> <span class='ocrx_word' id='word_1_73' title='bbox 421 1263 615 1356; x_wconf 83' lang='lat' dir='ltr'><strong>exercitus,</strong></span> <span class='ocrx_word' id='word_1_74' title='bbox 634 1194 916 1364; x_wconf 72' lang='lat' dir='ltr'><strong>quasl&#39;acultates</strong></span> <span class='ocrx_word' id='word_1_75' title='bbox 932 1263 1088 1338; x_wconf 76' lang='lat' dir='ltr'><strong>habenti</strong></span> <span class='ocrx_word' id='word_1_76' title='bbox 1106 1265 1251 1358; x_wconf 87' lang='lat' dir='ltr'><strong>Quibus</strong></span> 
     </span>
     <span class='ocr_line' id='line_1_13' title="bbox 312 1361 1251 1462; baseline -0.004 -23"><span class='ocrx_word' id='word_1_77' title='bbox 312 1387 351 1439; x_wconf 67' lang='lat' dir='ltr'><strong>aa</strong></span> <span class='ocrx_word' id='word_1_78' title='bbox 360 1377 528 1436; x_wconf 86' lang='lat' dir='ltr'><strong>tueantur</strong></span> <span class='ocrx_word' id='word_1_79' title='bbox 537 1363 643 1432; x_wconf 87' lang='lat' dir='ltr'><strong>armis</strong></span> <span class='ocrx_word' id='word_1_80' title='bbox 654 1413 666 1452; x_wconf 92' lang='lat'><strong><em>‚</em></strong></span> <span class='ocrx_word' id='word_1_81' title='bbox 682 1361 810 1462; x_wconf 87' lang='lat' dir='ltr'><strong>quibus</strong></span> <span class='ocrx_word' id='word_1_82' title='bbox 822 1361 983 1434; x_wconf 78' lang='lat' dir='ltr'>Ducibus</span> <span class='ocrx_word' id='word_1_83' title='bbox 998 1362 1037 1432; x_wconf 91' lang='lat' dir='ltr'><strong>in</strong></span> <span class='ocrx_word' id='word_1_84' title='bbox 1048 1361 1159 1436; x_wconf 84' lang='lat' dir='ltr'>aciem</span> <span class='ocrx_word' id='word_1_85' title='bbox 1170 1391 1251 1462; x_wconf 86' lang='lat' dir='ltr'><strong>pro-</strong></span> 
     </span>
     <span class='ocr_line' id='line_1_14' title="bbox 311 1455 1252 1572; baseline 0.004 -42"><span class='ocrx_word' id='word_1_86' title='bbox 311 1457 442 1549; x_wconf 83' lang='lat' dir='ltr'><strong>deant,</strong></span> <span class='ocrx_word' id='word_1_87' title='bbox 465 1485 553 1558; x_wconf 88' lang='lat' dir='ltr'><strong>quas</strong></span> <span class='ocrx_word' id='word_1_88' title='bbox 573 1459 679 1530; x_wconf 86' lang='lat' dir='ltr'><strong>urbes</strong></span> <span class='ocrx_word' id='word_1_89' title='bbox 695 1458 741 1530; x_wconf 85' lang='lat' dir='ltr'><strong>ad</strong></span> <span class='ocrx_word' id='word_1_90' title='bbox 750 1455 987 1530; x_wconf 72' lang='lat' dir='ltr'><strong>defensionem</strong></span> <span class='ocrx_word' id='word_1_91' title='bbox 997 1511 1009 1551; x_wconf 91' lang='lat'><strong>,</strong></span> <span class='ocrx_word' id='word_1_92' title='bbox 1022 1485 1102 1560; x_wconf 86' lang='lat' dir='ltr'><strong>quae</strong></span> <span class='ocrx_word' id='word_1_93' title='bbox 1120 1487 1252 1572; x_wconf 79' lang='lat' dir='ltr'><strong>propu-</strong></span> 
     </span>
     <span class='ocr_line' id='line_1_15' title="bbox 311 1553 1250 1656; baseline 0.006 -30"><span class='ocrx_word' id='word_1_94' title='bbox 311 1555 460 1654; x_wconf 85' lang='lat' dir='ltr'><strong>gnacula</strong></span> <span class='ocrx_word' id='word_1_95' title='bbox 470 1555 570 1626; x_wconf 86' lang='lat' dir='ltr'><strong>nobis</strong></span> <span class='ocrx_word' id='word_1_96' title='bbox 577 1569 728 1625; x_wconf 84' lang='lat' dir='ltr'><strong>ostentet</strong></span> <span class='ocrx_word' id='word_1_97' title='bbox 739 1553 1019 1626; x_wconf 85' lang='lat' dir='ltr'><strong>Christianorum</strong></span> <span class='ocrx_word' id='word_1_98' title='bbox 1031 1574 1188 1656; x_wconf 79' lang='lat' dir='ltr'><strong>paucitas</strong></span> <span class='ocrx_word' id='word_1_99' title='bbox 1203 1587 1250 1632; x_wconf 84' lang='lat' dir='ltr'><strong>ex</strong></span> 
     </span>
     <span class='ocr_line' id='line_1_16' title="bbox 309 1645 1250 1766; baseline 0.006 -44"><span class='ocrx_word' id='word_1_100' title='bbox 309 1651 586 1762; x_wconf 77' lang='lat' dir='ltr'><strong>plebeculaequis</strong></span> <span class='ocrx_word' id='word_1_101' title='bbox 612 1645 1250 1766; x_wconf 68' lang='lat' dir='ltr'><strong>uiliisaccolluviefermloongregatal</strong></span> 
     </span>
     <span class='ocr_line' id='line_1_17' title="bbox 120 1678 1250 1853; baseline 0.004 -34"><span class='ocrx_word' id='word_1_102' title='bbox 120 1784 144 1829; x_wconf 65' lang='grc' dir='ltr'><strong>Α</strong></span> <span class='ocrx_word' id='word_1_103' title='bbox 156 1783 301 1849; x_wconf 52' lang='lat' dir='ltr'><strong>comum·</strong></span> <span class='ocrx_word' id='word_1_104' title='bbox 359 1749 421 1820; x_wconf 86' lang='lat' dir='ltr'><strong>Ah</strong></span> <span class='ocrx_word' id='word_1_105' title='bbox 434 1749 564 1841; x_wconf 84' lang='lat' dir='ltr'><strong>leave,</strong></span> <span class='ocrx_word' id='word_1_106' title='bbox 579 1678 743 1846; x_wconf 59' lang='lat' dir='ltr'><strong>ilrinceps</strong></span> <span class='ocrx_word' id='word_1_107' title='bbox 758 1748 955 1847; x_wconf 81' lang='lat' dir='ltr'><strong>aequissime</strong></span> <span class='ocrx_word' id='word_1_108' title='bbox 965 1799 977 1840; x_wconf 90' lang='lat'><strong>,</strong></span> <span class='ocrx_word' id='word_1_109' title='bbox 988 1776 1033 1822; x_wconf 90' lang='lat' dir='ltr'><strong>ne</strong></span> <span class='ocrx_word' id='word_1_110' title='bbox 1041 1801 1054 1842; x_wconf 93' lang='lat'><strong>,</strong></span> <span class='ocrx_word' id='word_1_111' title='bbox 1068 1777 1097 1822; x_wconf 89' lang='lat' dir='ltr'><strong>s1</strong></span> <span class='ocrx_word' id='word_1_112' title='bbox 1104 1759 1250 1853; x_wconf 82' lang='lat' dir='ltr'><strong>gentem</strong></span> 
     </span>
     <span class='ocr_line' id='line_1_18' title="bbox 122 1844 1250 1957; baseline 0.003 -38"><span class='ocrx_word' id='word_1_113' title='bbox 122 1848 192 1895; x_wconf 51' lang='grc' dir='ltr'>Μ</span> <span class='ocrx_word' id='word_1_114' title='bbox 270 1939 272 1944; x_wconf 23' lang='grc' dir='ltr'>Ι</span> <span class='ocrx_word' id='word_1_115' title='bbox 309 1845 490 1920; x_wconf 80' lang='lat' dir='ltr'><strong>innoxiam</strong></span> <span class='ocrx_word' id='word_1_116' title='bbox 505 1845 725 1957; x_wconf 65' lang='lat' dir='ltr'><strong>persequeris</strong></span> <span class='ocrx_word' id='word_1_117' title='bbox 737 1844 906 1938; x_wconf 77' lang='lat' dir='ltr'><strong>ulterius,</strong></span> <span class='ocrx_word' id='word_1_118' title='bbox 922 1862 1050 1946; x_wconf 72' lang='lat' dir='ltr'><strong>preater</strong></span> <span class='ocrx_word' id='word_1_119' title='bbox 1061 1875 1250 1922; x_wconf 88' lang='lat' dir='ltr'><strong>commune</strong></span> 
     </span>
     <span class='ocr_line' id='line_1_19' title="bbox 311 1941 1250 2056; baseline 0.004 -40"><span class='ocrx_word' id='word_1_120' title='bbox 311 1945 433 2016; x_wconf 83' lang='lat' dir='ltr'><strong>odium</strong></span> <span class='ocrx_word' id='word_1_121' title='bbox 452 1941 542 2016; x_wconf 78' lang='lat' dir='ltr'><strong>nihil</strong></span> <span class='ocrx_word' id='word_1_122' title='bbox 561 1943 755 2056; x_wconf 79' lang='lat' dir='ltr'><strong>quidquam</strong></span> <span class='ocrx_word' id='word_1_123' title='bbox 773 1959 953 2044; x_wconf 81' lang='lat' dir='ltr'><strong>reportes3</strong></span> <span class='ocrx_word' id='word_1_124' title='bbox 970 1959 1007 2014; x_wconf 88' lang='lat' dir='ltr'><strong>et</strong></span> <span class='ocrx_word' id='word_1_125' title='bbox 1020 1944 1107 2016; x_wconf 91' lang='lat' dir='ltr'><strong>dum</strong></span> <span class='ocrx_word' id='word_1_126' title='bbox 1125 1946 1250 2045; x_wconf 87' lang='lat' dir='ltr'><strong>populi</strong></span> 
     </span>
     <span class='ocr_line' id='line_1_20' title="bbox 306 2039 1248 2143; baseline 0.002 -29"><span class='ocrx_word' id='word_1_127' title='bbox 306 2058 450 2140; x_wconf 83' lang='lat' dir='ltr'><strong>tuaeque</strong></span> <span class='ocrx_word' id='word_1_128' title='bbox 471 2041 650 2118; x_wconf 73' lang='lat' dir='ltr'><strong>securitati</strong></span> <span class='ocrx_word' id='word_1_129' title='bbox 676 2039 805 2114; x_wconf 86' lang='lat' dir='ltr'><strong>videris</strong></span> <span class='ocrx_word' id='word_1_130' title='bbox 825 2039 1044 2132; x_wconf 73' lang='lat' dir='ltr'><strong>allaborare,</strong></span> <span class='ocrx_word' id='word_1_131' title='bbox 1062 2069 1134 2114; x_wconf 86' lang='lat' dir='ltr'><strong>non</strong></span> <span class='ocrx_word' id='word_1_132' title='bbox 1149 2045 1248 2143; x_wconf 84' lang='lat' dir='ltr'><strong>apud</strong></span> 
     </span>
     <span class='ocr_line' id='line_1_21' title="bbox 306 2135 1244 2238; baseline 0.004 -28"><span class='ocrx_word' id='word_1_133' title='bbox 306 2139 483 2210; x_wconf 87' lang='lat' dir='ltr'><strong>Romanos</strong></span> <span class='ocrx_word' id='word_1_134' title='bbox 497 2139 624 2229; x_wconf 78' lang='lat' dir='ltr'><strong>modo,</strong></span> <span class='ocrx_word' id='word_1_135' title='bbox 645 2139 707 2210; x_wconf 86' lang='lat' dir='ltr'><strong>sed</strong></span> <span class='ocrx_word' id='word_1_136' title='bbox 728 2135 837 2210; x_wconf 86' lang='lat' dir='ltr'><strong>etiam</strong></span> <span class='ocrx_word' id='word_1_137' title='bbox 853 2138 949 2238; x_wconf 88' lang='lat' dir='ltr'><strong>apud</strong></span> <span class='ocrx_word' id='word_1_138' title='bbox 966 2138 1171 2212; x_wconf 84' lang='lat' dir='ltr'><strong>universum</strong></span> <span class='ocrx_word' id='word_1_139' title='bbox 1184 2168 1244 2214; x_wconf 90' lang='lat' dir='ltr'><strong>or·</strong></span> 
     </span>
    </p>

    <p class='ocr_par' dir='ltr' id='par_1_4' title="bbox 306 2229 1161 2320">
     <span class='ocr_line' id='line_1_22' title="bbox 306 2229 1161 2320; baseline -0.005 -10"><span class='ocrx_word' id='word_1_140' title='bbox 306 2234 390 2310; x_wconf 80' lang='lat' dir='ltr'><strong>bem</strong></span> <span class='ocrx_word' id='word_1_141' title='bbox 406 2233 622 2308; x_wconf 72' lang='lat' dir='ltr'><strong>crudelitatis</strong></span> <span class='ocrx_word' id='word_1_142' title='bbox 640 2263 682 2308; x_wconf 91' lang='lat' dir='ltr'><strong>ao</strong></span> <span class='ocrx_word' id='word_1_143' title='bbox 699 2233 842 2320; x_wconf 70' lang='lat' dir='ltr'><strong>saevifia</strong></span> <span class='ocrx_word' id='word_1_144' title='bbox 851 2229 984 2308; x_wconf 78' lang='lat' dir='ltr'><strong>famam</strong></span> <span class='ocrx_word' id='word_1_145' title='bbox 994 2235 1161 2308; x_wconf 84' lang='lat' dir='ltr'><strong>incurras.</strong></span> 
     </span>
    </p>
   </div>
   <div class='ocr_carea' id='block_1_3' title="bbox 305 2441 1228 2489">
    <p class='ocr_par' dir='ltr' id='par_1_5' title="bbox 305 2441 1228 2489">
     <span class='ocr_line' id='line_1_23' title="bbox 305 2441 1228 2489; baseline -0.001 -2"><span class='ocrx_word' id='word_1_146' title='bbox 305 2441 1228 2489; x_wconf 54' lang='grc' dir='ltr'><strong>ΝἏΝΝΝᾺΝἏΝἏΝΝἊΝΝΝΜ</strong></span> 
     </span>
    </p>
   </div>
   <div class='ocr_carea' id='block_1_4' title="bbox 266 2591 1242 2922">
    <p class='ocr_par' dir='ltr' id='par_1_6' title="bbox 266 2591 1242 2922">
     <span class='ocr_line' id='line_1_24' title="bbox 441 2591 1112 2752; baseline 0 -54"><span class='ocrx_word' id='word_1_147' title='bbox 441 2593 668 2700; x_wconf 86' lang='lat' dir='ltr'><strong>PARS</strong></span> <span class='ocrx_word' id='word_1_148' title='bbox 745 2591 1112 2752; x_wconf 75' lang='lat' dir='ltr'><strong>TERTIA.</strong></span> 
     </span>
     <span class='ocr_line' id='line_1_25' title="bbox 266 2799 1242 2922; baseline 0.009 -45"><span class='ocrx_word' id='word_1_149' title='bbox 266 2868 271 2877; x_wconf 93' lang='lat'><strong>.</strong></span> <span class='ocrx_word' id='word_1_150' title='bbox 302 2800 376 2889; x_wconf 82' lang='lat' dir='ltr'><strong>De</strong></span> <span class='ocrx_word' id='word_1_151' title='bbox 386 2801 560 2922; x_wconf 50' lang='lat' dir='ltr'><strong>liguris</strong></span> <span class='ocrx_word' id='word_1_152' title='bbox 574 2832 651 2889; x_wconf 83' lang='lat' dir='ltr'><strong>seu</strong></span> <span class='ocrx_word' id='word_1_153' title='bbox 662 2802 716 2887; x_wconf 84' lang='lat' dir='ltr'><strong>de</strong></span> <span class='ocrx_word' id='word_1_154' title='bbox 728 2799 998 2888; x_wconf 70' lang='lat' dir='ltr'><strong>Elocut&#39;ionu</strong></span> <span class='ocrx_word' id='word_1_155' title='bbox 1017 2801 1242 2917; x_wconf 72' lang='lat' dir='ltr'><strong>dignitate.</strong></span> 
     </span>
    </p>
   </div>
   <div class='ocr_carea' id='block_1_5' title="bbox 201 2951 1328 3796">
    <p class='ocr_par' dir='ltr' id='par_1_7' title="bbox 201 2951 1328 3796">
     <span class='ocr_line' id='line_1_26' title="bbox 246 2951 1244 3086; baseline -0.003 -7"><span class='ocrx_word' id='word_1_156' title='bbox 246 3031 248 3036; x_wconf 89' lang='lat'>·</span> <span class='ocrx_word' id='word_1_157' title='bbox 303 2951 570 3086; x_wconf 77' lang='lat' dir='ltr'><strong>Vanrrrun</strong></span> <span class='ocrx_word' id='word_1_158' title='bbox 587 3021 701 3078; x_wconf 87' lang='lat' dir='ltr'><strong>totum</strong></span> <span class='ocrx_word' id='word_1_159' title='bbox 716 3003 815 3078; x_wconf 80' lang='lat' dir='ltr'><strong>Artis</strong></span> <span class='ocrx_word' id='word_1_160' title='bbox 833 3001 1004 3074; x_wconf 85' lang='lat' dir='ltr'><strong>Oratoriae</strong></span> <span class='ocrx_word' id='word_1_161' title='bbox 1021 3017 1244 3076; x_wconf 85' lang='lat' dir='ltr'><strong>momentum</strong></span> 
     </span>
     <span class='ocr_line' id='line_1_27' title="bbox 299 3097 1328 3204; baseline -0.005 -28"><span class='ocrx_word' id='word_1_162' title='bbox 299 3103 342 3176; x_wconf 85' lang='lat' dir='ltr'><strong>in</strong></span> <span class='ocrx_word' id='word_1_163' title='bbox 360 3103 426 3176; x_wconf 91' lang='lat' dir='ltr'><strong>hoc</strong></span> <span class='ocrx_word' id='word_1_164' title='bbox 443 3104 577 3195; x_wconf 83' lang='lat' dir='ltr'><strong>Libro,</strong></span> <span class='ocrx_word' id='word_1_165' title='bbox 601 3103 664 3204; x_wconf 90' lang='lat' dir='ltr'><strong>qui</strong></span> <span class='ocrx_word' id='word_1_166' title='bbox 683 3102 727 3173; x_wconf 88' lang='lat' dir='ltr'><strong>de</strong></span> <span class='ocrx_word' id='word_1_167' title='bbox 747 3100 887 3202; x_wconf 83' lang='lat' dir='ltr'><strong>Figuris</strong></span> <span class='ocrx_word' id='word_1_168' title='bbox 906 3097 1120 3170; x_wconf 86' lang='lat' dir='ltr'><strong>inscribitur.</strong></span> <span class='ocrx_word' id='word_1_169' title='bbox 1148 3099 1243 3172; x_wconf 75' lang='lat' dir='ltr'><strong>Cum</strong></span> <span class='ocrx_word' id='word_1_170' title='bbox 1326 3101 1328 3182; x_wconf 68' lang='lat' dir='ltr'>J</span> 
     </span>
     <span class='ocr_line' id='line_1_28' title="bbox 302 3193 1240 3297; baseline -0.006 -23"><span class='ocrx_word' id='word_1_171' title='bbox 302 3201 400 3274; x_wconf 87' lang='lat' dir='ltr'><strong>enim</strong></span> <span class='ocrx_word' id='word_1_172' title='bbox 417 3201 516 3276; x_wconf 81' lang='lat' dir='ltr'><strong>Artis</strong></span> <span class='ocrx_word' id='word_1_173' title='bbox 528 3201 699 3274; x_wconf 86' lang='lat' dir='ltr'><strong>Oratoriae</strong></span> <span class='ocrx_word' id='word_1_174' title='bbox 712 3226 774 3272; x_wconf 79' lang='lat' dir='ltr'><strong>seu</strong></span> <span class='ocrx_word' id='word_1_175' title='bbox 789 3197 905 3297; x_wconf 75' lang='lat' dir='ltr'><strong>potius</strong></span> <span class='ocrx_word' id='word_1_176' title='bbox 918 3195 1115 3268; x_wconf 77' lang='lat' dir='ltr'><strong>Rhetorica·</strong></span> <span class='ocrx_word' id='word_1_177' title='bbox 1132 3196 1178 3265; x_wconf 89' lang='lat' dir='ltr'><strong>sit</strong></span> <span class='ocrx_word' id='word_1_178' title='bbox 1194 3193 1240 3268; x_wconf 86' lang='lat' dir='ltr'><strong>fi·</strong></span> 
     </span>
     <span class='ocr_line' id='line_1_29' title="bbox 300 3293 1326 3400; baseline -0.004 -30"><span class='ocrx_word' id='word_1_179' title='bbox 300 3293 1240 3400; x_wconf 67' lang='lat' dir='ltr'><strong>nisapteornathuedicereadpersuadendum3nulla</strong></span> <span class='ocrx_word' id='word_1_180' title='bbox 1323 3313 1326 3336; x_wconf 78' lang='lat'><em>¹</em></span> 
     </span>
     <span class='ocr_line' id='line_1_30' title="bbox 304 3389 1236 3496; baseline -0.006 -28"><span class='ocrx_word' id='word_1_181' title='bbox 304 3397 440 3468; x_wconf 84' lang='lat' dir='ltr'><strong>ratione</strong></span> <span class='ocrx_word' id='word_1_182' title='bbox 456 3395 639 3496; x_wconf 88' lang='lat' dir='ltr'><strong>perveneri</strong></span> <span class='ocrx_word' id='word_1_183' title='bbox 657 3395 813 3468; x_wconf 77' lang='lat' dir='ltr'><strong>securius</strong></span> <span class='ocrx_word' id='word_1_184' title='bbox 829 3410 943 3492; x_wconf 83' lang='lat' dir='ltr'><strong>potest</strong></span> <span class='ocrx_word' id='word_1_185' title='bbox 958 3392 1005 3462; x_wconf 91' lang='lat' dir='ltr'><strong>ad</strong></span> <span class='ocrx_word' id='word_1_186' title='bbox 1019 3389 1236 3490; x_wconf 84' lang='lat' dir='ltr'><strong>propositum</strong></span> 
     </span>
     <span class='ocr_line' id='line_1_31' title="bbox 201 3485 1241 3594; baseline -0.005 -27"><span class='ocrx_word' id='word_1_187' title='bbox 201 3567 206 3586; x_wconf 67' lang='lat'><strong>,</strong></span> <span class='ocrx_word' id='word_1_188' title='bbox 304 3493 468 3584; x_wconf 84' lang='lat' dir='ltr'><strong>exitum,</strong></span> <span class='ocrx_word' id='word_1_189' title='bbox 496 3499 605 3594; x_wconf 70' lang='lat' dir='ltr'><strong>quam</strong></span> <span class='ocrx_word' id='word_1_190' title='bbox 632 3493 777 3563; x_wconf 70' lang='lat' dir='ltr'><strong>scientia</strong></span> <span class='ocrx_word' id='word_1_191' title='bbox 799 3507 836 3562; x_wconf 88' lang='lat' dir='ltr'><strong>et</strong></span> <span class='ocrx_word' id='word_1_192' title='bbox 861 3485 1005 3562; x_wconf 86' lang='lat' dir='ltr'><strong>artificio</strong></span> <span class='ocrx_word' id='word_1_193' title='bbox 1028 3489 1241 3588; x_wconf 80' lang='lat' dir='ltr'><strong>Figuramm</strong></span> 
     </span>
     <span class='ocr_line' id='line_1_32' title="bbox 302 3584 1242 3690; baseline -0.002 -30"><span class='ocrx_word' id='word_1_194' title='bbox 302 3589 522 3690; x_wconf 82' lang='lat' dir='ltr'><strong>aliorumque</strong></span> <span class='ocrx_word' id='word_1_195' title='bbox 534 3587 712 3660; x_wconf 82' lang='lat' dir='ltr'><strong>Orationis</strong></span> <span class='ocrx_word' id='word_1_196' title='bbox 729 3605 1039 3678; x_wconf 78' lang='lat' dir='ltr'><strong>ornamentorum,</strong></span> <span class='ocrx_word' id='word_1_197' title='bbox 1058 3584 1242 3686; x_wconf 82' lang='lat' dir='ltr'><strong>inquibus</strong></span> 
     </span>
     <span class='ocr_line' id='line_1_33' title="bbox 303 3683 1023 3796; baseline -0.004 -39"><span class='ocrx_word' id='word_1_198' title='bbox 303 3703 377 3796; x_wconf 62' lang='lat' dir='ltr'><strong>tota</strong></span> <span class='ocrx_word' id='word_1_199' title='bbox 388 3687 527 3788; x_wconf 76' lang='lat' dir='ltr'><strong>dicendi</strong></span> <span class='ocrx_word' id='word_1_200' title='bbox 536 3687 588 3782; x_wconf 76' lang='lat' dir='ltr'><strong>vis</strong></span> <span class='ocrx_word' id='word_1_201' title='bbox 599 3715 639 3782; x_wconf 77' lang='lat' dir='ltr'><strong>ac</strong></span> <span class='ocrx_word' id='word_1_202' title='bbox 652 3683 818 3787; x_wconf 83' lang='lat' dir='ltr'><strong>majestas</strong></span> <span class='ocrx_word' id='word_1_203' title='bbox 831 3687 944 3788; x_wconf 83' lang='lat' dir='ltr'><strong>posita</strong></span> <span class='ocrx_word' id='word_1_204' title='bbox 956 3700 1023 3760; x_wconf 85' lang='lat' dir='ltr'><strong>est.</strong></span> 
     </span>
    </p>
   </div>
   <div class='ocr_carea' id='block_1_6' title="bbox 0 0 1346 4412">
    <p class='ocr_par' dir='ltr' id='par_1_8' title="bbox 0 0 1346 4412">
     <span class='ocr_line' id='line_1_34' title="bbox 0 0 1346 4412; baseline 0 1"><span class='ocrx_word' id='word_1_205' title='bbox 0 0 1346 4412; x_wconf 95' lang='lat' dir='ltr'><strong> </strong></span> 
     </span>
    </p>
   </div>
  </div>
 </body>
</html>
