2710 4418
297 206 370 295 nol
561 191 970 276 suaromton·

346 325 438 398 Ibid.
456 349 494 396 n.
513 325 573 396 66.
594 325 721 424 probat
736 325 869 396 Orestis
892 323 1051 437 exemplo
1071 350 1128 397 eos
1147 334 1238 398 exa-³
1349 419 1351 426 Α

297 424 403 525 gitmi
415 421 515 494 furiis
524 475 538 509 ,
558 424 621 523 qui
636 419 861 523 pmnicidium
874 423 1101 494 admsenmt.

347 523 394 592 Et
412 520 579 597 Oratione
614 549 653 591 ro
664 520 829 606 Plancio,
845 519 973 618 probat
984 523 1093 592 Exem
1118 521 1233 592 lorum
1349 551 1351 554 ·

297 616 497 690 'oollectione
522 549 613 688 nihl
639 645 713 689 esse
739 618 835 730 quod
862 618 1062 689 Laterensis
1090 549 1231 708 loleat,

324 715 395 786 uod
422 715 460 785 in
517 715 658 788 etitione
691 715 880 786 AEdtlitatis
906 716 1083 814 repulsam
1112 741 1233 816 passus

296 741 422 884 luisset
433 841 470 884 n.
486 743 515 882 l
514 838 546 883 1.
569 805 721 910 Qaoeris'
730 840 752 883 e
776 817 783 832 ⁸
809 841 865 905 m,
881 815 1122 900 Laterensis,
1140 811 1241 914 qaid

297 909 527 1010 imaginibus
543 913 619 982 tais
630 937 695 1012 ,q
730 914 737 928 '
782 915 1150 1012 ornatissimamque
1166 937 1188 981 o
1215 951 1233 965 -

295 1010 387 1080 timo
403 1011 484 1080 viro
500 1011 610 1122 patri
631 1026 694 1080 tao
718 1009 946 1110 respondeas
968 1026 1122 1082 mortuo.
1181 1005 1235 1079 oli

296 1107 373 1176 ista
403 1105 581 1178 meditari
591 1136 608 1194 ,·
642 1123 760 1206 atque
786 1104 890 1178 illud
908 1133 999 1180 cave
1012 1107 1168 1208 potine,
1183 1130 1236 1174 ne

297 1217 365 1274 tua
384 1204 467 1274 ista·
479 1201 636 1303 querela
651 1202 833 1303 dolorque
848 1207 985 1276 nimius
1001 1203 1051 1275 ab
1072 1203 1150 1274 illis
1169 1229 1234 1273 sa·

256 1341 261 1352 ·
291 1301 542 1399 pientissimis
560 1303 656 1372 viris
677 1301 984 1400 reprehendatur.
1013 1301 1120 1374 Vidit
1135 1303 1235 1370 enim

287 1414 411 1496 pater
432 1415 519 1468 tuns
544 1400 712 1498 Appium
739 1395 941 1470 Claudiam
964 1395 1236 1469 nobilissimam

296 1492 486 1566 hominem
494 1547 509 1580 ,
537 1499 623 1567 nivo
674 1512 757 1567 atre
789 1521 857 1568 sao
867 1547 883 1581 ,
938 1486 1172 1568 otentissimo‘
1198 1511 1240 1564 et

296 1590 509 1664 clarissimo
521 1597 602 1666 cive
647 1645 655 1662 .
676 1592 838 1665 Claudio
850 1645 866 1678 ,
933 1592 1052 1662 dilem
1063 1619 1136 1663 non
1152 1616 1237 1661 esse

283 1685 463 1784 factum,
484 1706 526 1759 et
540 1689 701 1760 eandem
714 1693 797 1761 sine
814 1688 970 1790 tepalsd
982 1690 1131 1786 finctum
1152 1713 1236 1758 esse
1350 1721 1352 1728 v

299 1783 512 1856 Consulem.
534 1786 658 1875 Vidit,
673 1785 862 1857 hominem
872 1785 944 1857 tibi
958 1786 1126 1856 maximi
1145 1772 1235 1856 coti-

287 1883 468 1981 junctum
484 1886 676 1998 egregium
687 1887 811 1969 airam
822 1885 869 1954 L.
886 1882 1121 1967 Volcatium,
1133 1881 1239 1954 vidit

297 1979 354 2049 M
352 2031 360 2048 .
376 1980 554 2050 Pisonem
564 2007 605 2051 za
622 1981 702 2052 istd
709 1979 911 2052 AEdilitate
920 2031 933 2070 ,
956 1979 1239 2078 offensiunculd

296 2076 473 2176 acceptd,
487 2103 649 2151 summos
660 2077 686 2148 ὰ
697 2077 845 2179 Populo
855 2079 967 2149 Rom.
977 2079 1134 2149 ltonores
1151 2101 1237 2148 esse

295 2173 373 2244 ade
400 2191 468 2246 tos.
491 2176 595 2248 Aous
618 2175 709 2248 oen)
727 2193 837 2260 tane,
860 2191 901 2248 et
925 2177 973 2248 P.
993 2175 1146 2248 Nasica
1164 2173 1236 2245 tibi

296 2270 346 2343 AE
374 2268 513 2343 ilitiam
531 2271 769 2373 predicaret
799 2271 1021 2374 repulsam,
1056 2295 1130 2373 qno
1155 2275 1236 2344 cive

296 2372 483 2440 neminem
500 2395 571 2470 ego
598 2387 724 2442 statuo
744 2373 784 2442 in
802 2369 879 2443 lieo
898 2373 961 2441 Re
991 2369 1206 2467 ‚fhniorem
1215 2399 1233 2456 ,-

296 2483 339 2537 et
357 2467 399 2537 C.
418 2469 544 2539 Man'i
553 2517 569 2554 ,
586 2471 654 2568 qui
669 2467 820 2539 duabus
840 2398 1052 2539 AEdilzlans
1066 2491 1160 2536 acce
1185 2469 1237 2537 tis

294 2587 339 2634 re
364 2561 458 2634 alsis
488 2589 531 2634 se
556 2568 629 2637 ties
658 2561 800 2636 Consul
816 2581 877 2633 est
914 2579 1024 2634 aenis
1033 2591 1050 2651 ,-
1071 2581 1114 2633 et
1171 2589 1232 2636 uc.

299 2589 461 2729 Aesaris
471 2709 487 2743 ,
536 2663 575 2730 'n-
602 2659 751 2732 Octavii
759 2711 774 2744 ,
791 2660 854 2729 M.
913 2656 1019 2749 allii,
1039 2685 1132 2758 quos
1153 2687 1234 2732 otn-

295 2758 507 2826 nesscimus
516 2753 719 2862 AEdilitate
719 2757 951 2858 praetetitOS,
963 2755 1143 2834 Consules
1151 2783 1237 2830 esse

313 2869 429 2925 actos.

282 2850 326 2949 s
345 2950 503 3022 Ornatur
521 2950 748 3040 Similitudo,
770 2951 884 3052 primi)
905 2977 970 3051 per
997 2950 1236 3050 Comparatio-

296 3073 381 3120 nem
400 3075 411 3138 3
438 3065 480 3119 ut
498 3073 531 3118 1.
551 3049 590 3121 in
604 3052 755 3123 Verrem
766 3077 804 3122 n.
819 3050 881 3140 48.
914 3051 1016 3123 Utin
1032 3050 1235 3123 Actoribns

302 3147 449 3218 Graecis
466 3145 554 3243 fieri
574 3148 771 3234 videmus,
801 3148 901 3250 soepl
930 3145 1038 3218 illum
1050 3199 1065 3234 ,
1092 3148 1159 3248 qni
1177 3165 1238 3219 est

296 3243 579 3331 secandarum,
610 3264 682 3317 ant
704 3249 899 3318 tertiarum
920 3249 1119 3346 partiam,
1148 3245 1235 3314 cnm

286 3344 418 3440 possit
438 3340 639 3443 ‚aliquanto
660 3343 802 3416 claritis
821 3341 973 3428 dicere,
1007 3341 1119 3441 qnam
1150 3343 1234 3441 ipse

286 3441 499 3538 primamne
511 3491 526 3525 ,
542 3439 699 3512 multam
711 3445 940 3513 summitteoe
949 3491 965 3526 ,
986 3456 1029 3510 ut
1041 3435 1110 3508 ille
1118 3439 1232 3509 Prin-

298 3561 388 3702 ῗῖμε
410 3588 424 3621 ,
455 3538 569 3636 qudn't
598 3539 767 3608 manime
799 3537 1004 3609 excellat:
1030 3537 1087 3606 sio
1102 3535 1238 3632 faciet

339 3632 499 3720 llienas3
531 3631 602 3704 tibi
635 3637 796 3720 serviet,
830 3634 902 3706 tibi
931 3631 1232 3723 lenocinabitur,

299 3731 422 3800 minis
433 3728 630 3829 aliquanto
646 3731 870 3817 contendet,
888 3730 1002 3832 quam
1006 3748 1149 3832 potest.

274 3851 280 3861 ·
346 3825 394 3896 Ει
420 3827 505 3902 Ver.
527 3829 562 3898 6.
584 3855 628 3899 ιι.
643 3853 703 3902 21·
724 3831 866 3904 Fecisti
882 3831 940 3903 nti
951 3827 1155 3932 predones
1170 3852 1233 3900 so·
