2710 4418
306 211 838 265 MBBRPMMUS.
973 225 1045 294 227

9 329 11 376 ἱ
88 313 326 415 juventutem
342 329 440 408 tuam
465 329 501 383 et
523 308 711 384 informare
730 315 890 414 exemplo
916 319 1043 416 possit,

90 412 223 512 excipe
257 411 381 481 saltem
416 413 508 488 ultrb
540 411 729 510 volensque
754 412 875 485 isthaec
908 415 1045 486 virtutis

93 510 335 600 documenta,
362 535 443 608 quae
460 508 615 606 parentis
641 510 793 580 absentis
818 510 894 582 viee
917 511 1044 586 delun-

95 624 246 708 gantur.

8 791 9 798 ,
150 707 208 777 Ac
230 704 386 803 primum
405 719 588 774 recurrant
609 700 814 804 frequenter
837 705 953 778 animo
973 703 1045 778 for·
1142 754 1148 766 -

76 819 230 874 ·t1ssun1
245 829 313 874 rm
333 800 487 898 Majores
507 800 585 892 tui,
606 801 765 900 quibas,
792 827 880 902 quas
898 805 1047 903 capessis

98 900 239 991 hodia,
270 915 387 997 partes
420 899 520 969 tanta
545 925 627 969 cum
651 895 756 971 laude
790 899 1045 974 sustinuerunt.

99 997 251 1074 Etenim
267 997 492 1068 circumstant
508 1013 544 1066 te
565 996 760 1088 innumerae
777 998 936 1069 Heroum
955 1002 1046 1070 ima-

101 1096 225 1196 gines,
256 1119 337 1194 quse
371 1110 407 1164 te
431 1091 586 1165 oblivisci
611 1095 809 1166 domesticae
833 1096 946 1168 laudi's
980 1123 1049 1167 nou

8 1251 10 1308 q
101 1195 249 1282 sinant,
264 1217 345 1292 quae
358 1207 601 1262 commoneant
618 1191 692 1264 dies
707 1210 896 1296 noctesque
910 1193 1050 1266 trahere

8 1321 9 1344 1
102 1308 142 1364 te
169 1291 215 1362 ab
237 1290 280 1360 iis
309 1285 500 1390 originem,
519 1315 606 1390 quos
624 1292 708 1361 actis
723 1298 818 1362 retrb
834 1292 1050 1388 temporibus

103 1387 204 1460 omni
220 1386 394 1460 virnuum
406 1413 534 1486 genere
551 1388 744 1459 cumulatos
768 1385 875 1460 l'uisse
893 1389 1051 1460 Annales

7 1567 9 1572 ,
105 1486 219 1562 nostri
240 1501 425 1556 testantur.
447 1483 507 1556 Tu
524 1481 636 1556 factus
663 1511 700 1556 es
719 1484 831 1560 lueres
850 1485 945 1556 illius
969 1513 1050 1556 san-

107 1583 245 1696 guinis,
290 1584 328 1654 ui
343 1609 407 1682 per
423 1599 475 1653 tot
488 1581 637 1654 heroum
650 1609 756 1655 venas
772 1580 894 1672 fluxit,
917 1601 952 1655 et
968 1611 1049 1653 con-

7 1769 9 1778 ,
108 1686 211 1752 tmud
243 1609 289 1750 ad
313 1697 350 1751 te
386 1680 475 1752 serie
509 1697 744 1782 propagatus,
775 1680 813 1751 in
846 1680 1053 1750 clarissimos

7 1849 8 1854 ,
109 1777 342 1876 Imperatores
378 1777 577 1876 pullulavit.
612 1777 731 1877 Hujus
763 1783 856 1877 ergb·
874 1777 1054 1875 sanguinis

108 1876 351 1976 integritatem
360 1893 467 1976 atque
484 1875 703 1948 nobilitatem
716 1876 796 1948 vide
809 1905 824 1966 ,'
838 1903 908 1946 non
919 1877 1053 1966 dicam,

109 2001 156 2046 ne
174 1974 246 2045 ullo
262 2001 422 2086 unquam
443 1970 575 2075 flagitio
597 1975 732 2074 polluas
751 2001 797 2044 so
809 1973 1023 2044 contamines
1040 1989 1051 2064 ’ς

108 2073 176 2144 sed
191 2100 280 2144 novo
298 2088 470 2144 virtutum
494 2090 635 2144 tuarum
657 2072 838 2170 splendore
860 2070 1054 2174 distinguas

110 2170 225 2270 magis
239 2187 276 2241 et
290 2171 464 2262 illustres3
481 2187 522 2241 ut
534 2170 682 2242 nominis
698 2169 815 2260 illius,
831 2170 925 2268 quod
942 2170 1053 2268 geris,

110 2285 251 2367 partam
283 2284 334 2341 tot
372 2267 518 2367 egregiis
552 2265 764 2338 facinoribus
802 2265 948 2364 gloriam
985 2293 1056 2334 non

110 2364 298 2456 obscures,
322 2367 384 2436 sed
405 2381 595 2463 spectatam
615 2363 724 2462 magis
745 2363 905 2461 ejusdem
924 2359 1056 2432 famam

112 2463 244 2536 laureis
267 2493 305 2536 ac
329 2465 436 2536 trium
462 2463 516 2534 his
534 2460 675 2534 efficias.

165 2564 384 2661 Quanquam
400 2492 460 2633 rel
470 2559 499 2631 si
512 2562 631 2632 deesse
647 2573 788 2660 possent
801 2557 867 2629 tibi
885 2560 1055 2670 potentis*
1117 2593 1139 2622 ·e
1150 2587 1165 2622 ι’
1191 2611 1196 2623 .

116 2662 205 2732 sima
234 2687 385 2760 qumque
409 2663 430 2730 a
453 2657 644 2758 majoribus
667 2659 737 2729 tuis
771 2661 869 2728 recte·
884 2661 1058 2728 laetorum

115 2758 363 2847 incitamenta,
391 2756 537 2829 haberes
560 2757 737 2828 tamenin
761 2753 1055 2826 commilitonibus

118 2858 187 2930 tuis
206 2884 263 2928 eos
283 2857 400 2956 gloriae
415 2855 590 2946 stimulos,
637 2857 674 2926 ui
691 2869 727 2925 te
753 2851 970 2953 requiescere
987 2879 1057 2923 non
1078 2923 1083 2934 ,

143 2970 347 3044 aterentur,
374 2953 464 3024 siin
493 2881 663 3024 obeundis
693 2948 796 3022 officii
818 2951 871 3021 tui
899 2949 1056 3047 partibus

117 2983 218 3124 deses
254 3069 316 3122 sut
340 3051 486 3150 ignavus
514 3078 589 3122 esse
620 3077 748 3149 posses.
770 3051 834 3120 Est
858 3045 933 3117 brec
962 3045 1057 3116 enirn

119 3150 265 3221 Gallicae
277 3149 469 3248 juventutis
481 3149 634 3239 indoles,
649 3165 689 3218 ut
702 3146 840 3218 nullum
853 3142 1058 3214 autinertiae

119 3265 183 3320 aut
193 3247 343 3347 ignaviae
358 3245 472 3317 locum
488 3247 576 3317 relin
603 3262 683 3334 uat3
696 3243 777 3314 felix
792 3241 942 3336 exomni
959 3258 1058 3342 parte

119 3343 391 3446 fortunataque,
405 3345 553 3443 siquam
570 3274 692 3412 dlaoris
706 3357 742 3411 et
752 3355 951 3439 comparata
964 3368 1057 3412 sem-

119 3471 185 3544 per
214 3444 261 3515 ad
284 3443 557 3554 aggrediendum
583 3439 778 3541 quidlibet,
805 3454 884 3512 tam-
907 3456 998 3510 esset
1023 3438 1062 3508 in

119 3571 142 3614 a
167 3542 257 3612 eudo
273 3543 427 3640 prudens
451 3567 490 3612 ac
513 3539 706 3612 moderata.
727 3536 844 3636 Hujus
864 3539 905 3610 tu
933 3541 1035 3637 porrb
1047 3585 1059 3625 ,

118 3570 173 3714 fili
192 3641 392 3730 carissime,
413 3639 458 3712 sic
479 3640 644 3734 aemulare
660 3633 927 3724 lbrtitudinern,
947 3651 987 3704 ut
1004 3651 1060 3702 te*
1156 3655 1159 3662 ’

120 3738 325 3812 meritatem
347 3737 480 3838 lugius,
517 3737 564 3810 sic
593 3735 736 3830 avidum
761 3733 875 3900 laqplis
904 3733 1062 3804 animum

858 3857 878 3899 2
