2756 4414
314 223 388 313 '402
580 239 993 292 aaaronrcla

314 356 454 432 menta,
483 367 555 411 non
581 337 752 412 absimilia
771 337 884 411 videri
910 339 1133 412 nascentibus
1152 340 1255 414 iden-

315 439 426 510 tidem
452 463 496 508 ex
515 437 701 536 improviso
725 437 763 507 in
785 435 902 508 media
926 437 1020 508 a'e'ris·
1037 437 1177 550 regione
1199 435 1255 508 fa-

314 535 436 625 cibus,
461 561 613 634 quarum
630 533 720 606 illud
740 532 854 606 fatum
869 550 945 626 est,
963 551 1005 606 ut
1020 534 1257 612 curiositatem

313 632 426 734 primi>
444 648 608 705 moveant
625 648 661 703 et
684 631 951 702 admirationem
967 659 978 724 3
1001 659 1084 703 mox
1098 633 1184 704 dim
1200 659 1255 703 rc-

315 729 498 802 solvuntur
524 745 560 800 et
593 741 827 822 evanescunt,
857 726 1022 802 'vanitatis
1052 755 1125 802 suae
1147 745 1255 831 atquo

313 827 493 898 inanitatis
517 827 740 898 admoneant.

363 925 549 996 Meliorem
567 925 605 994 in
625 923 828 1010 Aremorico
843 919 951 995 fidem
968 948 1009 995 ex
1055 923 1103 994 rti
1117 949 1251 994 sumus.

245 1068 248 1074 ·
311 1021 409 1104 Nam
422 1021 553 1122 ingenii
568 1021 737 1120 politioris
750 1021 982 1122 elegantiam,
1041 1021 1205 1092 cundiam
1213 1020 1256 1092 in

312 1119 489 1210 dicendo,
519 1118 557 1189 in
580 1118 726 1217 jocando
751 1119 971 1190 dicacitatem
995 1118 1101 1188 rebus
1118 1119 1157 1190 iu
1182 1119 1256 1190 suis

311 1215 548 1288 numerandas
562 1243 632 1288 non
646 1217 796 1315 putarit.
812 1217 864 1287 At
877 1213 1090 1286 lortitudinis
1107 1215 1257 1316 gloriam

265 1343 268 1348 ¹
312 1330 348 1385 as
375 1339 420 1385 us
444 1313 570 1385 indolis
588 1313 781 1386 bonitatem
802 1315 852 1385 itt
876 1312 944 1384 sibi
964 1309 1153 1384 vindicavit
1172 1329 1254 1383 tan-

313 1341 421 1510 qulin
444 1437 548 1503 suas,
580 1411 679 1482 utin
695 1416 848 1512 utrique
870 1429 941 1482 non
960 1411 1063 1482 mods
1088 1409 1255 1510 cuiquam

313 1535 383 1579 non
411 1509 572 1597 cederet,
596 1508 786 1580 sedetiam
810 1503 1255 1608 'superioremagnosceret
1315 1565 1319 1572 .

311 1606 504 1677 neminem.
527 1605 603 1676 Hoc
656 1613 734 1676 υπὸ
754 1623 874 1678 tamne
899 1627 1024 1678 verum
1048 1621 1123 1694 est,
1146 1609 1255 1704 quim

311 1703 375 1774 ille
383 1701 586 1802 profiteturi
607 1705 641 1778 A
668 1705 715 1774 sit
726 1719 768 1775 ut
784 1703 997 1774 Aremoricae
1010 1702 1126 1802 genti,
1144 1729 1256 1801 quam

311 1825 439 1898 magno
470 1824 607 1898 semper
644 1801 730 1871 duxi
762 1801 962 1900 ponendam
989 1800 1028 1886 in
1058 1799 1153 1889 loto,
1188 1825 1255 1899 ego

311 1895 519 1989 detraham,
548 1911 611 1968 aut
638 1897 833 2008 quidquam
860 1897 974 1968 landis
995 1895 1116 1982 illius',
1142 1917 1254 1996 quam

247 2047 252 2057 .
311 2011 496 2084 meretur,
523 1994 680 2064 deterere
709 1994 842 2066 videar.
869 1993 946 2063 Scio
972 1993 1116 2062 minime
1143 1993 1254 2064 malos

311 2113 386 2162 esse
401 2092 620 2161 Aremoricos
630 2118 640 2182 3
652 2091 723 2161 imo
735 2091 945 2190 probitatem
955 2086 992 2160 in
1003 2089 1087 2188 ipsis
1100 2143 1111 2181 ,
1124 2088 1252 2179 fidem,

310 2187 479 2260 devotum
495 2188 533 2258 in
551 2189 678 2260 amicos
701 2189 859 2262 studium
874 2210 1021 2288 agnosco
1039 2201 1076 2258 et
1090 2207 1249 2260 veneror.

311 2285 364 2356 At
385 2287 595 2386 propensam
613 2285 710 2356 illam
726 2287 772 2357 ad
791 2285 882 2357 bene
899 2283 1109 2370 merendum
1127 2285 1252 2359 volun·

311 2397 447 2474 tatem,
479 2385 550 2482 quit
572 2383 790 2482 potissitmlm
820 2383 872 2455 illi
903 2383 1117 2496 gloriantur,
1144 2408 1251 2459 num-

337 2481 391 2551 uis
415 2479 636 2577 expostulare
660 2483 742 2554 vere
759 2483 872 2581 'possit
892 2503 941 2552 sic
969 2479 1175 2553 exhaustam
1196 2481 1252 2552 vi·

310 2507 388 2646 deri
411 2594 484 2647 snae
504 2577 617 2675 gentis
637 2578 675 2647 in
701 2579 873 2677 gratiam,
896 2589 938 2648 ut
957 2577 1117 2672 ejusdem
1135 2577 1253 2649 minda

307 2669 357 2741 ad
385 2683 526 2742 caeteros
552 2673 753 2770 pertinenti
780 2675 887 2766 Quod
919 2679 1054 2772 spiritati
1078 2673 1125 2748 ad
1149 2671 1252 2750 larti-

309 2763 495 2859 tudinent,
528 2779 637 2868 quarn
664 2764 769 2841 rebus
793 2773 872 2870 pela
897 2771 1117 2869 &praedari
1143 2775 1253 2885 gestis

310 2865 551 2966 consignatam
560 2866 597 2936 in
609 2865 730 2966 primis
743 2865 849 2940 lirisse
897 2867 1056 2940 tamarici
1071 2868 1251 2968 jactitant,

309 2989 416 3034 nerno
435 2967 527 3036 certe
544 2962 635 3034 lianc
659 2963 744 3063 ipsis
767 2963 923 3038 invideat
946 2965 1109 3058 laudem,
1128 2980 1190 3041 aut
1206 2971 1251 3042 dc

310 3083 418 3160 regno
446 3059 580 3132 Gallico
609 3060 700 3133 bene
729 3063 862 3135 meritis
888 3065 982 3136 ultro
1003 3090 1075 3136 non
1140 3065 1252 3138 etule-

310 3173 383 3228 tur.
397 3157 534 3228 Tamen
548 3158 591 3228 ad
606 3162 779 3232 acuendos
791 3161 1090 3264 stimulandoaque
1099 3081 1251 3238 ilemum

309 3254 458 3324 istorum
484 3255 616 3328 animos
644 3257 771 3357 plusne
798 3259 910 3332 virttis
930 3262 1029 3360 ipsa,
1054 3263 1162 3361 quam
1177 3261 1252 3332 uti-

309 3348 418 3422 litatis
451 3351 616 3426 illecebra
650 3355 792 3448 valeas,
831 3358 1080 3429 contentiosam
1110 3383 1251 3437 movete

309 3449 539 3550 quaestionem
566 3450 795 3542 abstinemus.

358 3545 549 3619 laborarit
578 3549 615 3618 iii
654 3574 696 3620 ec
728 3563 806 3623 tota·
825 3552 1021 3626 Normanni
1041 3551 1249 3646 industria,
1295 3554 1300 3562 ’

307 3657 375 3731 nt,
396 3666 504 3746 quesn
530 3645 695 3717 malitiosi
718 3647 875 3739 homines
894 3652 1049 3722 inustam
1065 3675 1137 3723 suae
1154 3655 1249 3753 genti

309 3739 467 3813 subdolae
492 3742 646 3836 mentis,
678 3747 818 3848 suisque
849 3747 1037 3820 commodis
1070 3751 1254 3822 servientis
