2760 4416
339 195 902 282 trnnn'sucurrnoss'
1008 215 1083 312 509

143 357 202 406 sus
213 317 228 425 ,
243 331 352 432 quam
367 329 624 431 amplissimum
641 309 783 406 virtritis
800 306 985 432 praemium
1009 335 1083 435 glo-

142 430 196 502 ria
220 430 432 528 sempiterna
455 445 667 528 compensat.

191 527 326 598 verum
346 525 410 597 boc
439 523 515 638 ipso
541 553 660 599 carere
691 525 814 598 solatio
841 554 904 600 nos
932 545 1078 626 oportet.

144 621 258 697 Nulla
283 650 360 722 spes
382 623 521 723 glonae,
546 623 644 696 nulla
696 625 819 696 arandi
848 626 998 698 nominis
1019 653 1083 698 ex·

1 723 2 736 ¹
54 803 57 808 ¹
143 719 294 822 pectatio
311 719 446 792 labores
473 738 606 808 nostros
631 651 741 793 reicit
760 749 800 792 ac
817 722 899 794 miti
924 739 984 810 at„
1001 725 1083 796 Post

142 817 332 893 exhaustos
351 845 473 918 graves
497 821 592 892 terra
607 820 697 892 mari
723 845 767 890 ue
783 750 1017 919 periculorum
1028 849 1085 893 ca·
1199 831 1200 838 ’

144 941 224 1006 sus,
243 915 413 987 morimur
424 915 595 1028 denique,
612 916 669 990 rel
686 846 862 1016 absumpti
878 916 1040 1086 mnfndl

1040 947 1061 989 o

145 1010 203 1104 vel
222 1011 345 1084 alienis
369 1013 489 1085 izrorrs
506 1013 697 1126 ignobiles,
720 1031 784 1085 aut
806 1013 836 1084 si
858 1013 938 1087 fatis
961 1043 999 1088 ce
1025 971 1085 1090 eri

143 1110 258 1210 patrio
285 1109 323 1180 in
348 1109 420 1182 solo
446 1127 649 1211 corrugent,
665 1112 724 1182 'sic
749 1110 906 1184 tabernae
936 1113 1016 1190 vilis
1045 1113 1086 1184 in

145 1205 274 1280 umbra
297 1210 591 1300 consenescimus,
611 1225 672 1300 ut,
690 1209 753 1309 qui
764 1223 889 1309 corpus
899 1211 1018 1282 obruit
1030 1228 1087 1282 tu-

145 1303 285 1394 mulus,
299 1304 396 1374 idem
405 1332 534 1378 nomen
546 1305 700 1378 obruisse
711 1308 836 1378 merito
848 1325 1084 1408 nuncupetur.
1167 1361 1172 1374 .

164 1435 166 1438 ·
197 1399 308 1499 Cujus
329 1418 383 1472 est
402 1408 506 1500 porro
526 1403 652 1476 nostris
681 1403 816 1474 mederi
835 1405 1085 1496 incommodis,

147 1497 316 1589 Judices,
339 1498 408 1568 nisi
425 1497 490 1572 has
507 1499 576 1572 sibi
591 1516 707 1600 partes
732 1500 879 1614 aepuitas
898 1517 1014 1576 vestra
1025 1518 1088 1574 etr

147 1621 222 1762 pue
237 1593 440 1668 humanitas
462 1596 641 1669 vindicet?
661 1599 796 1670 Vestris
820 1597 924 1670 hodie
946 1627 1087 1672 recum·

173 1691 202 1764 it
220 1691 259 1762 in
274 1693 437 1786 manibus
453 1710 527 1766 tota
537 1691 776 1768 Mercatorum
791 1693 983 1769 infelicium
993 1695 1088 1770 fidu-
1202 1692 1207 1701 ’

147 1789 214 1860 cia.
235 1789 274 1860 Si
294 1817 364 1862 non
384 1791 679 1893 inutiles‘perritds
695 1792 913 1892 Reipublicae
931 1783 978 1867 ad
997 1793 1089 1868 banc

148 1913 263 1986 usque
281 1887 376 1958 diem
392 1889 598 1982 extitimus;
620 1889 651 1961 si
666 1889 802 1964 labores
818 1890 1008 1991 aliquando
1050 1919 1091 1962 ro

149 1983 326 2064 communi
341 1988 446 2056 causa
461 2003 636 2087 susceptos
647 1989 913 2086 comprobastis,
933 1991 1014 2062 date
1024 1921 1091 2060 boc

149 2080 207 2154 vel
224 2078 301 2152 leve
329 2083 437 2152 vestn'
458 2083 574 2156 innos
603 2083 714 2156 animi
737 2085 1021 2178 monimentum,
1049 2083 1104 2158 ut'

150 2177 354 2249 conditionis
368 2193 494 2250 nostrae
515 2181 742 2253 acerbitatem
759 2183 891 2283 pariter
911 2201 1019 2285 atque
1032 2182 1094 2254 ob-

150 2271 355 2346 scuritatem
370 2300 512 2374 quoquo
524 2278 627 2346 modo
643 2281 888 2387 compensetis.
908 2280 981 2350 Sua
996 2281 1095 2352 Mili·

151 2387 227 2444 tem
251 2370 379 2471 gloria,
403 2369 627 2444 Causidicum
648 2373 819 2472 dignitas,
841 2377 998 2448 Puerum
1016 2376 1094 2475 ipsa

4 2479 9 2500 ¹
88 2492 92 2498 ·
152 2467 360 2563 calamitatis
383 2468 636 2580 omnisuexpers
650 2486 734 2542 aetas
752 2469 892 2542 abunde
913 2473 1093 2546 consolan-

1 2583 2 2592 ’
87 2603 92 2610 -
152 2554 225 2637 tur.
247 2564 322 2638 Nos
340 2564 514 2664 ejusmodi
557 2565 705 2640 raesidiis
720 2567 879 2640 destituti
888 2559 1096 2644 infoitunati

153 2661 368 2746 Mercatores
377 2717 389 2755 ,
408 2595 556 2775 aliquod
573 2664 699 2736 saltem
711 2663 749 2735 in
766 2669 886 2736 saneta
899 2684 1095 2740 vestrorum

1 2799 2 2870 ἦ
47 2783 68 2808 ⁸-
154 2757 364 2856 judiciorum
379 2777 545 2860 aeqmtate
560 2761 724 2834 solatium
739 2760 947 2836 babeamus,

351 2979 628 3049 noricus,
658 2956 895 3062 causidicus.

207 3143 298 3214 Com
317 3141 430 3212 multa
447 3159 548 3241 sunt,
567 3167 648 3244 quae
661 3143 876 3244 singularem
887 3143 976 3214 milri
988 3143 1025 3214 in
1036 3143 1097 3218 lto·

159 3241 281 3312 diemd
307 3239 524 3316 contentione
551 3239 775 3314 securitatem
798 3257 904 3342 atque
933 3237 1098 3314 fiduciam
1199 3335 1200 3343 ἵ

160 3335 330 3428 afferunt,
348 3354 427 3408 tum
447 3335 538 3413 illud
557 3341 649 3410 certe
673 3365 736 3412 me
757 3355 893 3412 recreat
914 3337 1097 3438 inprimis,

159 3435 255 3536 quod
275 3452 327 3506 tot
348 3429 545 3506 defensores
565 3461 677 3508 causae
689 3461 804 3523 rneae,
824 3452 910 3537 quot
924 3463 1001 3508 sum
1019 3463 1100 3519 nao-

152 3549 217 3606 -tus
235 3533 402 3625 Judices,
428 3531 516 3604 mihi
539 3531 617 3632 jure
680 3533 807 3604 atulari
830 3533 970 3636 possim.
1002 3533 1099 3627 Nam

162 3635 242 3700 crlm
256 3659 359 3702 nemo
376 3631 422 3700 sit
436 3633 591 3704 vestium
599 3683 611 3726 ,
655 3630 772 3704 udices
784 3629 1022 3732 integerrimi,
1036 3633 1100 3734 qui

162 3729 524 3830 propribcompertum
534 3729 750 3829 experientia
759 3727 980 3822 nonlrabeat,
991 3755 1099 3830 quan-
