2756 4414
660 148 673 180 Ι
884 171 889 194 t

339 239 871 301 transrenensis.
1005 220 1078 319 427

137 355 282 437 tenum,
306 339 365 413 vel
387 365 446 412 ecs
471 338 619 440 alicujus
640 339 891 440 imprudentiae·
907 364 984 412 reos
1009 365 1081 413 non

136 454 283 539 putem,
307 437 371 538 qui
389 435 507 537 pnlsos
528 438 734 510 auctoritate
760 437 901 552 publicd
922 435 1079 538 Tarqui-

137 536 213 609 nios
241 561 404 608 revocare
428 535 615 612 in,urbem
635 535 824 608 voluerint.
845 537 980 608 Verdm
1001 540 1082 606 edm

137 633 212 708 vidi
274 631 478 706 rduellionis
492 630 627 705 crimen
643 629 766 706 inferri
777 631 918 732 optimis
936 631 1085 704 Adoles-

140 748 234 804 cent1
259 757 316 824 us,
329 755 481 832 quorum
489 731 761 830 spectatissimus
774 731 811 802 in
850 729 976 802 auiam
987 756 1085 802 amor

136 845 214 921 θεῖς
239 835 321 902 edm
346 830 440 902 sensi
469 829 611 904 eosdem
639 829 740 943 argui
761 759 899 903 viciitae
952 845 1085 901 aternae

137 928 319 1020 caritatis,
340 928 403 1030 qui
423 929 565 1001 Patrem
592 927 664 1000 suis
684 955 841 1029 ipsorum
862 855 967 999 cende
978 980 990 1020 ,
1007 926 1086 1027 ipsd

138 1026 249 1100 etiam
260 1027 333 1100 vid
345 1027 516 1100 cariorem
526 1025 682 1118 habent,
695 1053 766 1098 non
777 1025 877 1126 potui
888 1024 976 1098 mihi
992 1041 1085 1098 tem·

138 1149 285 1224 perare,
334 1126 397 1196 uin
417 1123 605 1198 conflatam
622 1124 807 1226 utriusque
822 1123 861 1196 in
875 1140 984 1224 caput
1004 1140 1087 1194 tan·

138 1237 215 1302 tam
236 1151 381 1295 mvidiae
398 1222 517 1294 labem
540 1223 723 1313 amolirer,
748 1239 805 1314 et,
833 1249 921 1322 quos
940 1219 1089 1320 probata

141 1345 282 1418 semper
309 1319 438 1420 agendi
465 1319 557 1391 ratic
590 1337 653 1391 aut
682 1319 851 1411 absolvit,
877 1335 940 1390 aut
964 1320 1089 1392 saltem

140 1433 306 1508 excusat,
334 1443 392 1490 eos
408 1416 503 1515 apud
522 1417 764 1530 aequissimum
778 1416 990 1508 Consulem,
1004 1443 1090 1488 eun-

142 1515 276 1586 demae
293 1531 433 1613 patrem
444 1515 726 1586 amantissimum
739 1513 979 1587 defenderem.
996 1515 1090 1614 Ergo

168 1612 299 1682 atiatur
314 1613 508 1682 Accusator
536 1610 609 1684 'vir
628 1615 761 1683 temere
781 1612 964 1716 perspicax
977 1628 1014 1684 et
1030 1637 1088 1682 re·

141 1638 286 1819 flgipsus
299 1725 428 1808 prater
444 1663 605 1802 modum,
619 1707 780 1781 damnari
792 1713 814 1781 d
826 1737 884 1782 me
923 1725 1090 1809 raeposte·

141 1832 336 1878 rumenam
350 1806 597 1907 sagacitatem,
612 1830 693 1908 quae
710 1809 844 1880 crimen
859 1737 1009 1900 viderit,
1028 1803 1092 1878 ubi
1173 1813 1176 1818 '

143 1931 215 1976 non
238 1901 317 1996 est,
335 1921 373 1976 et
387 1905 614 1976 severitatem
628 1906 776 1978 nimiam
790 1905 965 2008 increpari
980 1933 992 1998 ς
1013 1929 1093 2006 quae

142 2001 201 2074 vel
216 2001 333 2093 nullst,
356 2002 414 2074 vel
428 2001 607 2074 levissimd
624 2003 747 2103 dignos
764 2004 935 2105 poendad
956 2002 1094 2104 gravis-

144 2099 275 2172 cirrum
294 2099 461 2200 quodque
480 2099 641 2200 supplicii
657 2127 768 2214 genus
785 2100 984 2212 postularit.
1009 2185 1012 2192 1

166 2289 168 2294 Ι
196 2196 256 2267 Tu
280 2203 386 2286 vere,
416 2196 549 2270 Consul
585 2199 812 2298 aequrssime,
842 2199 924 2273 vide
936 2251 948 2290 ,
985 2199 1095 2271 etiam

144 2311 255 2395 atque
278 2293 388 2364 etiam
403 2316 545 2391 precor,
564 2321 633 2384 ne,
652 2295 738 2366 ddm
754 2297 879 2395 patriae
894 2296 974 2394 plus
989 2295 1096 2365 nimis

145 2391 294 2492 cupidus
311 2417 351 2476 ac
376 2391 552 2462 studiosus
576 2391 731 2483 videris,
757 2420 828 2466 non
852 2392 935 2463 satis
954 2391 993 2462 in
1008 2390 1096 2462 filios

144 2505 224 2561 tuos
246 2489 326 2588 pius
353 2486 523 2560 habeare.
551 2489 656 2560 Hanc
676 2488 766 2562 mihi
787 2491 929 2562 veniam
955 2515 1096 2576 annue,

116 2659 120 2668 ,
146 2604 189 2660 ut
209 2586 275 2658 tibi
316 2611 421 2658 onam
437 2601 521 2659 ente
541 2586 677 2678 oculos,
701 2588 818 2688 quod,
837 2615 901 2686 per
916 2587 1098 2660 insolentis

146 2682 232 2757 sacti
242 2613 397 2757 doidrem
408 2685 607 2784 expendere
620 2681 767 2758 fortasse
781 2713 853 2758 non
866 2685 979 2778 licuit,
991 2683 1098 2757 Filios

146 2797 252 2872 tuos,
273 2805 390 2894 neque
409 2797 485 2854 tam
506 2782 697 2884 crdpandos
719 2793 819 2874 esse,
841 2787 951 2882 quiem
970 2798 1097 2882 putas,

149 2903 268 2978 neque
290 2895 418 2969 etlam,
444 2880 474 2950 si
500 2882 658 2979 grev'ime
691 2881 795 2980 cuipd
816 2905 891 2952 sese
915 2880 1099 2980 implicue-

151 2977 245 3068 rint,
262 2977 344 3048 ided
363 3001 439 3048 esse
460 2975 691 3050 dmnnendos.
795 3001 797 3008 ⁴

200 3076 256 3146 Ac
273 3073 429 3174 primdm
444 3072 622 3186 quidem,
647 3075 731 3177 quis,
748 3074 908 3187 capitalis
925 3101 1003 3154 reos
1029 3076 1098 3146 cri-

127 3189 129 3192 ’
152 3173 258 3250 minis
267 3223 278 3266 ,
293 3171 362 3246 nisi
371 3169 555 3244 hommum
564 3174 610 3245 sit
620 3173 899 3264 immitissimus,
915 3198 973 3244 eos
984 3172 1103 3244 existi·

153 3287 248 3363 met,
270 3269 358 3371 qui‚·
374 3269 404 3340 si
418 3295 579 3372 peccasse
595 3267 736 3342 dicendi
754 3285 859 3362 sunt,
877 3296 951 3342 non
962 3297 1006 3344 ex
1019 3297 1102 3341 con·

153 3368 247 3442 snite
259 3419 271 3460 ,
300 3393 418 3470 neque
453 3395 498 3440 ex
530 3371 629 3443 mere
659 3365 886 3467 improbitate
899 3421 922 3460 ,‚
943 3368 1006 3439 sed
1031 3395 1104 3440 unc

157 3465 245 3538 abre
267 3465 570 3566 tiaetatisimpetu
581 3473 828 3566 peccaverent.
848 3467 933 3540 Non
944 3481 981 3537 te
996 3463 1101 3566 fugit,

157 3563 243 3637 Juni
285 3582 384 3654 rute,
433 3569 518 3658 uim
535 3587 636 3668 cerea
657 3567 703 3637 sit
710 3619 723 3658 ‚
741 3581 778 3638 et
789 3565 834 3650 'in
851 3591 994 3638 omnem
1017 3591 1101 3665 par-

156 3677 231 3736 tem
245 3664 337 3734 verti
357 3591 468 3738 saedis
489 3665 744 3760 adolescentia,
799 3667 883 3736 udin
909 3661 1022 3736 multa
1047 3661 1104 3734 vel

155 3756 223 3833 hcc
245 3758 316 3852 solo
340 3763 480 3837 nomine
506 3763 574 3866 ipsi
601 3691 812 3866 ignoscenda
843 3763 927 3836 sint.
943 3761 1104 3834 'Matura
