2766 4412
283 187 359 295 392
549 213 960 268 annuentes.

283 313 421 404 nobis‚,
438 314 516 382 tam
543 309 679 411 ingenii
698 311 964 410 praestantiam,
992 315 1070 383 tdm
1096 305 1226 394 indoli!

283 409 479 484 bonitatem
509 408 707 508 impetunt,
731 408 989 483 criminationes
1012 409 1166 503 diluam,
1186 425 1224 483 ct

283 508 330 580 ab
350 509 422 578 una
437 505 572 578 invidit
594 504 765 606 profectas
785 532 860 580 esse
883 505 1132 580 demonstrem.

332 605 387 676 Ac
404 603 448 674 de
465 597 606 703 ingenio
623 603 909 706 quidemsnostro
923 603 975 676 ita
990 603 1146 676 sentiunt
1161 601 1225 676 ho-

281 701 399 776 mines
410 699 597 793 malevoli,
609 717 651 772 ut
661 729 746 793 nos5
761 701 924 775 dumnoc
937 697 1084 774 hebetes
1098 700 1202 800 plane
1210 749 1223 792 ,

282 827 350 872 nec
364 797 548 898 plumbeos
564 797 661 870 nasci
677 797 886 898 profitentia
901 799 994 888 ultro
1001 849 1016 891 ‚
1036 801 1102 890 ed,
1115 817 1226 898 quam

153 905 156 910 ’
184 921 185 924 ’
283 895 404 996 adepti
422 921 566 987 sumus,
586 892 752 970 facultate
775 891 876 969 abuti
892 897 1135 970 criminentur.
1156 893 1226 968 Nee

282 992 447 1066 liberales
467 992 522 1064 illi
547 991 720 1092 prolecto,
747 995 809 1095 qui
837 994 963 1068 saltem
988 994 1035 1066 ali
1060 1019 1146 1066 uam
1167 992 1225 1064 in·

284 1089 380 1192 genii
411 1091 555 1163 laudem
586 1089 687 1163 nobis
713 1119 792 1188 non
812 1091 1016 1164 inviderint.
1084 1091 1228 1162 iderunt

284 1189 466 1260 enimvero
490 1189 720 1260 Accusatores
750 1216 822 1260 non
843 1187 1018 1289 imperiti,
1046 1191 1155 1288 quam
1177 1203 1231 1260 to-

284 1287 385 1358 mere
400 1284 603 1358 stoliditatis
615 1312 656 1356 ao
672 1286 828 1358 smltitiae
843 1285 1069 1358 Normannos
1082 1285 1233 1357 insimu-

284 1382 442 1476 lassent,
477 1383 573 1482 apud
601 1409 689 1483 quos
720 1411 842 1476 nemo,
866 1383 934 1454 nisi
964 1383 1166 1483 ingeniosus
1189 1407 1230 1452 ac

286 1479 443 1580 prudens
463 1479 632 1552 nascitur.
662 1479 806 1554 Norunt
826 1507 897 1554 non
928 1507 1004 1552 esse
1030 1480 1075 1552 de
1097 1477 1229 1570 nihilo,

287 1578 385 1676 quod
410 1605 513 1650 suam
537 1578 576 1648 in
599 1577 819 1652 Normannid
841 1579 962 1652 sedem
981 1573 1136 1676 posuisse
1163 1576 1230 1646 Sa-

240 1691 251 1706 ‘
285 1674 421 1773 pientia
439 1693 676 1774 nuncupetur.
691 1677 743 1749 At
763 1703 841 1748 ecce
858 1675 1086 1748 inclamantes
1102 1673 1229 1764 sudio,

285 1767 691 1869 etexprobrantesnobis
698 1773 942 1873 ‚quodcallidi
951 1769 1233 1872 praetermodum

190 1922 191 1926 =
284 1895 329 1964 ac
339 1866 450 1960 vafri,
489 1897 514 1940 u
537 1865 1233 1968 drebusnostrisnimiumattenti,quod

287 1966 327 2038 in
346 1897 522 2038 amandis
535 1965 624 2036 dolis
641 1993 682 2036 ac
699 1964 845 2038 l'allaciis
862 1963 1003 2038 solertes
1020 1966 1234 2065 plerumque

285 2079 324 2132 et
338 2063 468 2134 eruditi
479 2061 676 2134 videamur.
696 2065 871 2164 Magnum
882 2064 1062 2136 enimvero
1076 2061 1230 2155 crimen,

286 2159 450 2252 Juatees,
472 2159 752 2261 propterquod,
770 2159 979 2233 mndebin
1001 2159 1105 2232 modd
1125 2185 1232 2259 supra
1323 2207 1335 2220 ι

286 2272 409 2367 gantos
426 2272 569 2330 caeteras
578 2257 785 2330 excellentia
816 2257 925 2330 rivari
935 2284 1153 2350 mereamur,
1170 2256 1231 2329 sed

287 2379 327 2424 tn
346 2352 555 2522 loupiufluas
580 2354 708 2447 etiam,
730 2355 761 2428 si
787 2287 934 2456 duperia
955 2354 1096 2456 placet,
1121 2371 1231 2436 terras

289 2476 396 2522 aman
422 2477 487 2524 an.

297 2583 300 2590 ’
339 2548 381 2620 Id
393 2565 533 2640 tamen,
552 2549 639 2621 ddm
654 2549 882 2650 objioinntilli
890 2603 902 2643 ,
919 2549 1006 2652 quid
1015 2546 1148 2620 faciunt
1163 2548 1232 2622 nisi

288 2643 451 2718 innatam
467 2645 568 2720 nobis
605 2648 808 2721 rudentiam
826 2663 932 2748 atque
951 2645 1163 2718 industriam
1177 2646 1232 2718 in·
1372 2715 1375 2730 A

288 2743 425 2816 vident.
437 2746 545 2818 Dolet
556 2675 802 2821 illisnimirdm
810 2797 821 2837 ,
836 2745 931 2858 qudd
943 2745 982 2815 in
996 2741 1102 2816 rebus
1114 2744 1252 2844 singu-s
1374 2763 1375 2774 ²

289 2837 335 2910 lis
349 2867 535 2916 cernamus
547 2843 701 2935 acutius,
720 2845 828 2944 qudm
839 2841 906 2940 rpsi
917 2858 1064 2942 possunt
1072 2840 1231 2914 homines

289 2936 419 3010 oculati
431 2957 538 3042 atque
551 2941 764 3040 perspicaces
772 2968 785 3031 ;
804 2941 900 3040 qudd
914 2939 1007 3012 tueri
1026 2965 1084 3012 res
1096 2955 1233 3012 nostras

286 3036 597 3140 sapienter,un
609 3039 750 3110 easdem
763 3038 906 3110 solerter
937 3048 1233 3111 ro'moverenove·

288 3132 426 3227 rimus3
453 3137 550 3236 quod
571 3152 734 3235 apertum
755 3135 848 3208 latus
864 3065 1054 3208 olldramns
1076 3133 1229 3223 neminis

289 3231 390 3330 quod
399 3232 543 3333 laqueos
553 3260 592 3305 ac
606 3233 769 3334 pedicas,
783 3232 916 3334 quibus
926 3233 980 3306 illi
988 3229 1232 3306 circumveniri
1255 3233 1260 3268 ¹

289 3353 329 3400 se
342 3327 483 3422 sinunt,
502 3334 604 3404 caute
618 3331 846 3420 declinemus.
861 3331 1000 3432 Nempe
1008 3382 1020 3422 ,
1037 3346 1080 3402 ut
1090 3326 1232 3427 placea-

291 3451 371 3498 mus
383 3427 467 3500 viris
478 3428 548 3504 illis
559 3429 824 3521 honestissimis,
832 3445 874 3500 ut
884 3456 1006 3502 eorum
1016 3449 1232 3536 aucupemur

289 3601 290 3604 ,
334 3525 457 3616 asiam,
475 3544 655 3599 uteorum
691 3529 807 3599 robari
825 3525 953 3624 judicio
968 3522 1231 3623 collaudanqus

291 3549 392 3720 ffigni
416 3623 543 3716 sunus,
564 3556 785 3695 imitaiimur
806 3639 862 3694 stu
926 3649 983 3694 em
1003 3623 1160 3733 ipsorum
1180 3636 1231 3690 ate

293 3748 364 3822 que
388 3721 664 3826 imprudentiam
675 3749 688 3816 3
723 3649 933 3826 circumdiid
962 3745 1023 3792 nos
1053 3735 1231 3819 patiemur
