<?xml version="1.0" encoding="UTF-8"?>
<!DOCTYPE html PUBLIC "-//W3C//DTD XHTML 1.0 Transitional//EN"
    "http://www.w3.org/TR/xhtml1/DTD/xhtml1-transitional.dtd">
<html xmlns="http://www.w3.org/1999/xhtml" xml:lang="en" lang="en">
 <head>
  <title>
</title>
<meta http-equiv="Content-Type" content="text/html;charset=utf-8" />
  <meta name='ocr-system' content='tesseract 3.04.00' />
  <meta name='ocr-capabilities' content='ocr_page ocr_carea ocr_par ocr_line ocrx_word'/>
</head>
<body>
  <div class='ocr_page' id='page_1' title='image "./bibliothecarhet01jaygoog/bibliothecarhet01jaygoog_0396.png"; bbox 0 0 2756 4414; ppageno 0'>
   <div class='ocr_carea' id='block_1_1' title="bbox 269 197 948 298">
    <p class='ocr_par' dir='ltr' id='par_1_1' title="bbox 269 197 948 298">
     <span class='ocr_line' id='line_1_1' title="bbox 269 197 948 298; baseline -0.01 -25"><span class='ocrx_word' id='word_1_1' title='bbox 269 197 343 298; x_wconf 83' lang='lat'><strong>398</strong></span> <span class='ocrx_word' id='word_1_2' title='bbox 536 213 948 266; x_wconf 62' lang='lat' dir='ltr'><strong>nannenten</strong></span> 
     </span>
    </p>
   </div>
   <div class='ocr_carea' id='block_1_2' title="bbox 270 311 1226 1592">
    <p class='ocr_par' dir='ltr' id='par_1_2' title="bbox 270 311 1220 904">
     <span class='ocr_line' id='line_1_2' title="bbox 270 311 1215 413; baseline -0.005 -19"><span class='ocrx_word' id='word_1_3' title='bbox 270 318 477 394; x_wconf 86' lang='lat' dir='ltr'><strong>domesticos</strong></span> <span class='ocrx_word' id='word_1_4' title='bbox 497 313 605 412; x_wconf 74' lang='lat' dir='ltr'><strong>hujus</strong></span> <span class='ocrx_word' id='word_1_5' title='bbox 635 311 763 413; x_wconf 84' lang='lat' dir='ltr'><strong>Lycaei¹</strong></span> <span class='ocrx_word' id='word_1_6' title='bbox 776 313 928 411; x_wconf 87' lang='lat' dir='ltr'><strong>parietes</strong></span> <span class='ocrx_word' id='word_1_7' title='bbox 949 311 1215 390; x_wconf 73' lang='lat' dir='ltr'><strong>multitudinem</strong></span> 
     </span>
     <span class='ocr_line' id='line_1_3' title="bbox 270 409 1216 528; baseline -0.005 -36"><span class='ocrx_word' id='word_1_8' title='bbox 270 409 529 528; x_wconf 73' lang='lat' dir='ltr'><strong>congregatam.</strong></span> <span class='ocrx_word' id='word_1_9' title='bbox 548 415 620 484; x_wconf 36' lang='lat' dir='ltr'><strong>*Est</strong></span> <span class='ocrx_word' id='word_1_10' title='bbox 644 439 768 484; x_wconf 86' lang='lat' dir='ltr'><strong>eorum</strong></span> <span class='ocrx_word' id='word_1_11' title='bbox 790 411 947 526; x_wconf 64' lang='lat' dir='ltr'><strong>aliquis,</strong></span> <span class='ocrx_word' id='word_1_12' title='bbox 962 439 1070 510; x_wconf 91' lang='lat' dir='ltr'><strong>quem</strong></span> <span class='ocrx_word' id='word_1_13' title='bbox 1088 431 1216 487; x_wconf 80' lang='lat' dir='ltr'><strong>nostrae</strong></span> 
     </span>
     <span class='ocr_line' id='line_1_4' title="bbox 270 507 1218 626; baseline -0.007 -37"><span class='ocrx_word' id='word_1_14' title='bbox 270 515 370 590; x_wconf 76' lang='lat' dir='ltr'><strong>urbis</strong></span> <span class='ocrx_word' id='word_1_15' title='bbox 391 509 534 626; x_wconf 69' lang='lat' dir='ltr'><strong>pigeat?</strong></span> <span class='ocrx_word' id='word_1_16' title='bbox 556 510 613 582; x_wconf 89' lang='lat' dir='ltr'><strong>cui</strong></span> <span class='ocrx_word' id='word_1_17' title='bbox 630 510 722 582; x_wconf 80' lang='lat' dir='ltr'><strong>desit</strong></span> <span class='ocrx_word' id='word_1_18' title='bbox 739 509 795 583; x_wconf 83' lang='lat' dir='ltr'><strong>hic</strong></span> <span class='ocrx_word' id='word_1_19' title='bbox 812 507 947 608; x_wconf 78' lang='lat' dir='ltr'><strong>ahquid</strong></span> <span class='ocrx_word' id='word_1_20' title='bbox 966 508 1013 582; x_wconf 90' lang='lat' dir='ltr'><strong>ad</strong></span> <span class='ocrx_word' id='word_1_21' title='bbox 1029 510 1118 582; x_wconf 74' lang='lat' dir='ltr'><strong>bene</strong></span> <span class='ocrx_word' id='word_1_22' title='bbox 1134 512 1218 582; x_wconf 83' lang='lat' dir='ltr'><strong>bea-</strong></span> 
     </span>
     <span class='ocr_line' id='line_1_5' title="bbox 272 606 1220 712; baseline -0.005 -28"><span class='ocrx_word' id='word_1_23' title='bbox 272 615 381 712; x_wconf 72' lang='lat' dir='ltr'><strong>teque</strong></span> <span class='ocrx_word' id='word_1_24' title='bbox 413 607 633 706; x_wconf 67' lang='lat' dir='ltr'><strong>uiuendum?</strong></span> <span class='ocrx_word' id='word_1_25' title='bbox 659 607 722 707; x_wconf 91' lang='lat' dir='ltr'><strong>qui</strong></span> <span class='ocrx_word' id='word_1_26' title='bbox 750 606 917 706; x_wconf 72' lang='lat' dir='ltr'><strong>praeclare</strong></span> <span class='ocrx_word' id='word_1_27' title='bbox 944 633 1064 678; x_wconf 88' lang='lat' dir='ltr'><strong>secum</strong></span> <span class='ocrx_word' id='word_1_28' title='bbox 1099 626 1220 679; x_wconf 84' lang='lat' dir='ltr'><strong>actum·</strong></span> 
     </span>
     <span class='ocr_line' id='line_1_6' title="bbox 273 703 1220 807; baseline -0.006 -25"><span class='ocrx_word' id='word_1_29' title='bbox 273 735 346 782; x_wconf 86' lang='lat' dir='ltr'><strong>non</strong></span> <span class='ocrx_word' id='word_1_30' title='bbox 369 723 494 807; x_wconf 85' lang='lat' dir='ltr'><strong>putet,</strong></span> <span class='ocrx_word' id='word_1_31' title='bbox 524 705 553 776; x_wconf 88' lang='lat' dir='ltr'><strong>si</strong></span> <span class='ocrx_word' id='word_1_32' title='bbox 573 705 778 776; x_wconf 87' lang='lat' dir='ltr'><strong>domesticos</strong></span> <span class='ocrx_word' id='word_1_33' title='bbox 795 703 936 776; x_wconf 87' lang='lat' dir='ltr'><strong>Parisiis</strong></span> <span class='ocrx_word' id='word_1_34' title='bbox 949 721 1094 804; x_wconf 85' lang='lat' dir='ltr'><strong>penates</strong></span> <span class='ocrx_word' id='word_1_35' title='bbox 1110 703 1220 806; x_wconf 82' lang='lat' dir='ltr'><strong>figere</strong></span> 
     </span>
     <span class='ocr_line' id='line_1_7' title="bbox 274 801 690 904; baseline -0.017 -24"><span class='ocrx_word' id='word_1_36' title='bbox 274 809 314 880; x_wconf 90' lang='lat' dir='ltr'><strong>in</strong></span> <span class='ocrx_word' id='word_1_37' title='bbox 376 822 543 904; x_wconf 75' lang='lat' dir='ltr'><strong>tpetuum</strong></span> <span class='ocrx_word' id='word_1_38' title='bbox 558 801 690 874; x_wconf 75' lang='lat' dir='ltr'><strong>liceatl</strong></span> 
     </span>
    </p>

    <p class='ocr_par' dir='ltr' id='par_1_3' title="bbox 276 895 1226 1592">
     <span class='ocr_line' id='line_1_8' title="bbox 364 895 1221 1002; baseline -0.004 -27"><span class='ocrx_word' id='word_1_39' title='bbox 364 930 449 975; x_wconf 90' lang='lat' dir='ltr'><strong>uare</strong></span> <span class='ocrx_word' id='word_1_40' title='bbox 471 901 615 988; x_wconf 84' lang='lat' dir='ltr'><strong>videte,</strong></span> <span class='ocrx_word' id='word_1_41' title='bbox 632 900 779 990; x_wconf 87' lang='lat' dir='ltr'><strong>amabo,</strong></span> <span class='ocrx_word' id='word_1_42' title='bbox 803 901 968 993; x_wconf 78' lang='lat' dir='ltr'><strong>Judices&#39;,</strong></span> <span class='ocrx_word' id='word_1_43' title='bbox 995 899 1024 973; x_wconf 85' lang='lat' dir='ltr'><strong>si</strong></span> <span class='ocrx_word' id='word_1_44' title='bbox 1044 899 1108 1002; x_wconf 87' lang='lat' dir='ltr'><strong>qui</strong></span> <span class='ocrx_word' id='word_1_45' title='bbox 1127 895 1221 972; x_wconf 76' lang='lat' dir='ltr'><strong>forte</strong></span> 
     </span>
     <span class='ocr_line' id='line_1_9' title="bbox 276 997 1222 1098; baseline -0.005 -23"><span class='ocrx_word' id='word_1_46' title='bbox 276 1004 334 1094; x_wconf 75' lang='lat' dir='ltr'><strong>liic</strong></span> <span class='ocrx_word' id='word_1_47' title='bbox 347 1016 493 1090; x_wconf 80' lang='lat' dir='ltr'><strong>essent,</strong></span> <span class='ocrx_word' id='word_1_48' title='bbox 521 999 617 1098; x_wconf 87' lang='lat' dir='ltr'><strong>quod</strong></span> <span class='ocrx_word' id='word_1_49' title='bbox 631 1025 695 1098; x_wconf 81' lang='lat' dir='ltr'><strong>ego</strong></span> <span class='ocrx_word' id='word_1_50' title='bbox 721 1009 792 1070; x_wconf 80' lang='lat' dir='ltr'><strong>nen</strong></span> <span class='ocrx_word' id='word_1_51' title='bbox 815 997 1051 1089; x_wconf 80' lang='lat' dir='ltr'><strong>crediderim,</strong></span> <span class='ocrx_word' id='word_1_52' title='bbox 1080 1013 1222 1098; x_wconf 82' lang='lat' dir='ltr'><strong>gentem</strong></span> 
     </span>
     <span class='ocr_line' id='line_1_10' title="bbox 277 1092 1224 1186; baseline -0.006 -14"><span class='ocrx_word' id='word_1_53' title='bbox 277 1100 317 1172; x_wconf 92' lang='lat' dir='ltr'><strong>in</strong></span> <span class='ocrx_word' id='word_1_54' title='bbox 356 1115 511 1171; x_wconf 87' lang='lat' dir='ltr'><strong>nostram</strong></span> <span class='ocrx_word' id='word_1_55' title='bbox 546 1097 662 1168; x_wconf 77' lang='lat' dir='ltr'><strong>minus</strong></span> <span class='ocrx_word' id='word_1_56' title='bbox 690 1094 883 1168; x_wconf 79' lang='lat' dir='ltr'><strong>liberaliter</strong></span> <span class='ocrx_word' id='word_1_57' title='bbox 915 1092 1055 1186; x_wconf 84' lang='lat' dir='ltr'><strong>affecti,</strong></span> <span class='ocrx_word' id='word_1_58' title='bbox 1087 1121 1159 1186; x_wconf 87' lang='lat' dir='ltr'><strong>ne,</strong></span> <span class='ocrx_word' id='word_1_59' title='bbox 1193 1095 1224 1166; x_wconf 89' lang='lat' dir='ltr'><strong>si</strong></span> 
     </span>
     <span class='ocr_line' id='line_1_11' title="bbox 278 1190 1226 1298; baseline -0.004 -30"><span class='ocrx_word' id='word_1_60' title='bbox 278 1197 366 1298; x_wconf 88' lang='lat' dir='ltr'><strong>quid</strong></span> <span class='ocrx_word' id='word_1_61' title='bbox 382 1195 483 1296; x_wconf 78' lang='lat' dir='ltr'><strong>pejus</strong></span> <span class='ocrx_word' id='word_1_62' title='bbox 504 1195 548 1280; x_wconf 46' lang='lat' dir='ltr'><strong>in,</strong></span> <span class='ocrx_word' id='word_1_63' title='bbox 558 1193 731 1264; x_wconf 82' lang='lat' dir='ltr'><strong>Parisinus</strong></span> <span class='ocrx_word' id='word_1_64' title='bbox 753 1207 930 1283; x_wconf 80' lang='lat' dir='ltr'><strong>statuant,</strong></span> <span class='ocrx_word' id='word_1_65' title='bbox 950 1190 1017 1263; x_wconf 89' lang='lat' dir='ltr'><strong>sibi</strong></span> <span class='ocrx_word' id='word_1_66' title='bbox 1037 1191 1226 1291; x_wconf 60' lang='lat' dir='ltr'><strong>ipsisemi-</strong></span> 
     </span>
     <span class='ocr_line' id='line_1_12' title="bbox 279 1289 1224 1390; baseline -0.008 -20"><span class='ocrx_word' id='word_1_67' title='bbox 279 1295 451 1370; x_wconf 85' lang='lat' dir='ltr'><strong>tradicere</strong></span> <span class='ocrx_word' id='word_1_68' title='bbox 463 1345 479 1380; x_wconf 86' lang='lat'><em>,</em></span> <span class='ocrx_word' id='word_1_69' title='bbox 499 1309 556 1382; x_wconf 90' lang='lat' dir='ltr'><strong>et,</strong></span> <span class='ocrx_word' id='word_1_70' title='bbox 578 1291 673 1390; x_wconf 90' lang='lat' dir='ltr'><strong>quod</strong></span> <span class='ocrx_word' id='word_1_71' title='bbox 698 1293 762 1362; x_wconf 72' lang='lat' dir='ltr'><strong>sud</strong></span> <span class='ocrx_word' id='word_1_72' title='bbox 788 1289 916 1390; x_wconf 78' lang='lat' dir='ltr'><strong>agendi</strong></span> <span class='ocrx_word' id='word_1_73' title='bbox 943 1289 1077 1360; x_wconf 84' lang='lat' dir='ltr'><strong>ratione</strong></span> <span class='ocrx_word' id='word_1_74' title='bbox 1103 1289 1224 1388; x_wconf 78' lang='lat' dir='ltr'><strong>paldm</strong></span> 
     </span>
     <span class='ocr_line' id='line_1_13' title="bbox 281 1387 1225 1492; baseline -0.007 -27"><span class='ocrx_word' id='word_1_75' title='bbox 281 1421 326 1492; x_wconf 79' lang='lat' dir='ltr'><strong>ap</strong></span> <span class='ocrx_word' id='word_1_76' title='bbox 350 1391 501 1482; x_wconf 82' lang='lat' dir='ltr'><strong>rebant,</strong></span> <span class='ocrx_word' id='word_1_77' title='bbox 520 1390 559 1459; x_wconf 90' lang='lat' dir='ltr'><strong>id</strong></span> <span class='ocrx_word' id='word_1_78' title='bbox 576 1390 681 1460; x_wconf 75' lang='lat' dir='ltr'><strong>tacite</strong></span> <span class='ocrx_word' id='word_1_79' title='bbox 697 1387 859 1487; x_wconf 82' lang='lat' dir='ltr'><strong>malignis</strong></span> <span class='ocrx_word' id='word_1_80' title='bbox 875 1413 914 1456; x_wconf 85' lang='lat' dir='ltr'><strong>au</strong></span> <span class='ocrx_word' id='word_1_81' title='bbox 941 1387 1083 1458; x_wconf 75' lang='lat' dir='ltr'><strong>sinceris</strong></span> <span class='ocrx_word' id='word_1_82' title='bbox 1098 1392 1225 1485; x_wconf 73' lang='lat' dir='ltr'><strong>parunt</strong></span> 
     </span>
     <span class='ocr_line' id='line_1_14' title="bbox 279 1421 859 1592; baseline -0.014 -30"><span class='ocrx_word' id='word_1_83' title='bbox 279 1421 417 1592; x_wconf 80' lang='lat' dir='ltr'><strong>judiciis</strong></span> <span class='ocrx_word' id='word_1_84' title='bbox 439 1487 639 1586; x_wconf 84' lang='lat' dir='ltr'><strong>improbare</strong></span> <span class='ocrx_word' id='word_1_85' title='bbox 655 1485 859 1558; x_wconf 77' lang='lat' dir='ltr'><strong>videantur.</strong></span> 
     </span>
    </p>
   </div>
   <div class='ocr_carea' id='block_1_3' title="bbox 503 1671 972 1744">
    <p class='ocr_par' dir='ltr' id='par_1_4' title="bbox 503 1671 972 1744">
     <span class='ocr_line' id='line_1_15' title="bbox 503 1671 972 1744; baseline -0.015 -23"><span class='ocrx_word' id='word_1_86' title='bbox 503 1697 507 1707; x_wconf 83' lang='lat'>-</span> <span class='ocrx_word' id='word_1_87' title='bbox 609 1671 896 1721; x_wconf 72' lang='lat' dir='ltr'><strong>rrctunus</strong></span> <span class='ocrx_word' id='word_1_88' title='bbox 966 1732 972 1744; x_wconf 93' lang='lat'>.</span> 
     </span>
    </p>
   </div>
   <div class='ocr_carea' id='block_1_4' title="bbox 324 1811 1183 1912">
    <p class='ocr_par' dir='ltr' id='par_1_5' title="bbox 324 1811 1183 1912">
     <span class='ocr_line' id='line_1_16' title="bbox 324 1811 1183 1912; baseline -0.006 -27"><span class='ocrx_word' id='word_1_89' title='bbox 324 1817 601 1912; x_wconf 77' lang='lat' dir='ltr'><strong>Ineoepectatus</strong></span> <span class='ocrx_word' id='word_1_90' title='bbox 628 1830 671 1882; x_wconf 85' lang='lat' dir='ltr'><strong>et</strong></span> <span class='ocrx_word' id='word_1_91' title='bbox 695 1811 913 1910; x_wconf 67' lang='lat' dir='ltr'><strong>improvisus</strong></span> <span class='ocrx_word' id='word_1_92' title='bbox 944 1811 1183 1882; x_wconf 64' lang='lat' dir='ltr'><strong>Intercess&#39;of.</strong></span> 
     </span>
    </p>
   </div>
   <div class='ocr_carea' id='block_1_5' title="bbox 185 1969 1329 3833">
    <p class='ocr_par' dir='ltr' id='par_1_6' title="bbox 185 1969 1231 2559">
     <span class='ocr_line' id='line_1_17' title="bbox 334 1969 1227 2084; baseline -0.002 -40"><span class='ocrx_word' id='word_1_93' title='bbox 334 1975 429 2084; x_wconf 72' lang='lat' dir='ltr'><strong>Ergo</strong></span> <span class='ocrx_word' id='word_1_94' title='bbox 451 1973 499 2042; x_wconf 86' lang='lat' dir='ltr'><strong>sic</strong></span> <span class='ocrx_word' id='word_1_95' title='bbox 522 1971 735 2070; x_wconf 83' lang='lat' dir='ltr'><strong>despicimur</strong></span> <span class='ocrx_word' id='word_1_96' title='bbox 759 1997 822 2043; x_wconf 86' lang='lat' dir='ltr'><strong>nos</strong></span> <span class='ocrx_word' id='word_1_97' title='bbox 843 1969 1004 2043; x_wconf 81' lang='lat' dir='ltr'><strong>Picardil</strong></span> <span class='ocrx_word' id='word_1_98' title='bbox 1021 1970 1170 2042; x_wconf 73' lang='lat' dir='ltr'><strong>demitti</strong></span> <span class='ocrx_word' id='word_1_99' title='bbox 1180 1971 1227 2042; x_wconf 84' lang='lat' dir='ltr'><strong>de</strong></span> 
     </span>
     <span class='ocr_line' id='line_1_18' title="bbox 285 2068 1226 2167; baseline -0.002 -25"><span class='ocrx_word' id='word_1_100' title='bbox 285 2069 488 2167; x_wconf 77' lang='lat' dir='ltr'><strong>Principatu</strong></span> <span class='ocrx_word' id='word_1_101' title='bbox 511 2070 638 2140; x_wconf 84' lang='lat' dir='ltr'><strong>ac1itcr</strong></span> <span class='ocrx_word' id='word_1_102' title='bbox 658 2068 804 2166; x_wconf 77' lang='lat' dir='ltr'><strong>intense</strong></span> <span class='ocrx_word' id='word_1_103' title='bbox 824 2069 1069 2162; x_wconf 80' lang='lat' dir='ltr'><strong>contendunt,</strong></span> <span class='ocrx_word' id='word_1_104' title='bbox 1092 2097 1154 2140; x_wconf 85' lang='lat' dir='ltr'><strong>nos</strong></span> <span class='ocrx_word' id='word_1_105' title='bbox 1170 2069 1226 2139; x_wconf 89' lang='lat' dir='ltr'><strong>in·</strong></span> 
     </span>
     <span class='ocr_line' id='line_1_19' title="bbox 286 2165 1228 2260; baseline -0.001 -22"><span class='ocrx_word' id='word_1_106' title='bbox 286 2165 391 2260; x_wconf 80' lang='lat' dir='ltr'><strong>terim</strong></span> <span class='ocrx_word' id='word_1_107' title='bbox 411 2166 542 2238; x_wconf 85' lang='lat' dir='ltr'><strong>inertes</strong></span> <span class='ocrx_word' id='word_1_108' title='bbox 570 2193 609 2238; x_wconf 86' lang='lat' dir='ltr'><strong>ac</strong></span> <span class='ocrx_word' id='word_1_109' title='bbox 628 2166 716 2240; x_wconf 88' lang='lat' dir='ltr'><strong>lenti</strong></span> <span class='ocrx_word' id='word_1_110' title='bbox 733 2167 946 2240; x_wconf 76' lang='lat' dir='ltr'><strong>otiabimurl</strong></span> <span class='ocrx_word' id='word_1_111' title='bbox 964 2174 984 2238; x_wconf 80' lang='grc' dir='ltr'>ὁ</span> <span class='ocrx_word' id='word_1_112' title='bbox 1003 2167 1228 2239; x_wconf 81' lang='lat' dir='ltr'><strong>Picardcrum</strong></span> 
     </span>
     <span class='ocr_line' id='line_1_20' title="bbox 286 2262 1229 2340; baseline -0.001 -4"><span class='ocrx_word' id='word_1_113' title='bbox 286 2291 360 2336; x_wconf 86' lang='lat' dir='ltr'><strong>sors</strong></span> <span class='ocrx_word' id='word_1_114' title='bbox 396 2262 675 2337; x_wconf 77' lang='lat' dir='ltr'><strong>lucutosissimal</strong></span> <span class='ocrx_word' id='word_1_115' title='bbox 701 2265 801 2336; x_wconf 79' lang='lat' dir='ltr'><strong>Itane</strong></span> <span class='ocrx_word' id='word_1_116' title='bbox 832 2265 924 2340; x_wconf 74' lang='lat' dir='ltr'><strong>seit.</strong></span> <span class='ocrx_word' id='word_1_117' title='bbox 943 2266 1128 2340; x_wconf 84' lang='lat' dir='ltr'><strong>inventum</strong></span> <span class='ocrx_word' id='word_1_118' title='bbox 1152 2289 1229 2336; x_wconf 75' lang='lat' dir='ltr'><strong>esse</strong></span> 
     </span>
     <span class='ocr_line' id='line_1_21' title="bbox 287 2355 1231 2464; baseline 0 -30"><span class='ocrx_word' id='word_1_119' title='bbox 287 2360 467 2444; x_wconf 78' lang='lat' dir='ltr'><strong>neminem</strong></span> <span class='ocrx_word' id='word_1_120' title='bbox 477 2413 489 2453; x_wconf 91' lang='lat'><strong><em>,</em></strong></span> <span class='ocrx_word' id='word_1_121' title='bbox 508 2361 571 2460; x_wconf 92' lang='lat' dir='ltr'><strong>qui</strong></span> <span class='ocrx_word' id='word_1_122' title='bbox 585 2377 721 2434; x_wconf 86' lang='lat' dir='ltr'><strong>nostras</strong></span> <span class='ocrx_word' id='word_1_123' title='bbox 739 2355 865 2462; x_wconf 67' lang='lat' dir='ltr'><strong>partes¹</strong></span> <span class='ocrx_word' id='word_1_124' title='bbox 877 2377 1020 2464; x_wconf 85' lang='lat' dir='ltr'><strong>ageret,</strong></span> <span class='ocrx_word' id='word_1_125' title='bbox 1043 2364 1231 2435; x_wconf 78' lang='lat' dir='ltr'><strong>stillatam</strong></span> 
     </span>
     <span class='ocr_line' id='line_1_22' title="bbox 185 2456 1230 2559; baseline -0.002 -27"><span class='ocrx_word' id='word_1_126' title='bbox 185 2541 191 2555; x_wconf 37' lang='grc' dir='ltr'>Ι</span> <span class='ocrx_word' id='word_1_127' title='bbox 288 2456 480 2554; x_wconf 74' lang='lat' dir='ltr'><strong>Provinciae</strong></span> <span class='ocrx_word' id='word_1_128' title='bbox 507 2476 634 2533; x_wconf 82' lang='lat' dir='ltr'><strong>nostrae</strong></span> <span class='ocrx_word' id='word_1_129' title='bbox 650 2459 820 2559; x_wconf 87' lang='lat' dir='ltr'><strong>injuriam</strong></span> <span class='ocrx_word' id='word_1_130' title='bbox 846 2461 1066 2534; x_wconf 64' lang='lat' dir='ltr'><strong>vindicaret?</strong></span> <span class='ocrx_word' id='word_1_131' title='bbox 1082 2460 1230 2531; x_wconf 77' lang='lat' dir='ltr'><strong>Exoria-</strong></span> 
     </span>
    </p>

    <p class='ocr_par' dir='ltr' id='par_1_7' title="bbox 215 2556 1238 3537">
     <span class='ocr_line' id='line_1_23' title="bbox 215 2556 1231 2656; baseline -0.008 -22"><span class='ocrx_word' id='word_1_132' title='bbox 215 2623 219 2634; x_wconf 82' lang='lat'><em>.</em></span> <span class='ocrx_word' id='word_1_133' title='bbox 289 2575 349 2648; x_wconf 71' lang='lat' dir='ltr'><strong>tur</strong></span> <span class='ocrx_word' id='word_1_134' title='bbox 384 2556 511 2656; x_wconf 76' lang='lat' dir='ltr'><strong>aliquis</strong></span> <span class='ocrx_word' id='word_1_135' title='bbox 540 2559 579 2630; x_wconf 88' lang='lat' dir='ltr'><strong>in</strong></span> <span class='ocrx_word' id='word_1_136' title='bbox 608 2573 684 2630; x_wconf 89' lang='lat' dir='ltr'><strong>tam</strong></span> <span class='ocrx_word' id='word_1_137' title='bbox 718 2556 856 2630; x_wconf 83' lang='lat' dir='ltr'><strong>florenti</strong></span> <span class='ocrx_word' id='word_1_138' title='bbox 888 2559 1078 2656; x_wconf 81' lang='lat' dir='ltr'><strong>juventute</strong></span> <span class='ocrx_word' id='word_1_139' title='bbox 1102 2558 1139 2627; x_wconf 79' lang='lat' dir='ltr'><strong>di</strong></span> <span class='ocrx_word' id='word_1_140' title='bbox 1189 2580 1231 2626; x_wconf 88' lang='lat' dir='ltr'><strong>us</strong></span> 
     </span>
     <span class='ocr_line' id='line_1_24' title="bbox 290 2650 1232 2736; baseline 0 -13"><span class='ocrx_word' id='word_1_141' title='bbox 290 2655 385 2736; x_wconf 83' lang='lat' dir='ltr'><strong>ultor</strong></span> <span class='ocrx_word' id='word_1_142' title='bbox 407 2655 516 2725; x_wconf 89' lang='lat' dir='ltr'><strong>nostri</strong></span> <span class='ocrx_word' id='word_1_143' title='bbox 546 2655 720 2728; x_wconf 74' lang='lat' dir='ltr'><strong>nontinis!</strong></span> <span class='ocrx_word' id='word_1_144' title='bbox 743 2654 858 2726; x_wconf 90' lang='lat' dir='ltr'><strong>Nemo</strong></span> <span class='ocrx_word' id='word_1_145' title='bbox 887 2681 923 2724; x_wconf 89' lang='lat' dir='ltr'><strong>se</strong></span> <span class='ocrx_word' id='word_1_146' title='bbox 946 2650 1114 2724; x_wconf 79' lang='lat' dir='ltr'><strong>olferetl·</strong></span> <span class='ocrx_word' id='word_1_147' title='bbox 1152 2679 1232 2724; x_wconf 84' lang='lat' dir='ltr'><strong>emo</strong></span> 
     </span>
     <span class='ocr_line' id='line_1_25' title="bbox 290 2749 1235 2850; baseline -0.004 -24"><span class='ocrx_word' id='word_1_148' title='bbox 290 2751 432 2826; x_wconf 85' lang='lat' dir='ltr'><strong>illorum</strong></span> <span class='ocrx_word' id='word_1_149' title='bbox 450 2751 632 2824; x_wconf 88' lang='lat' dir='ltr'><strong>hominum</strong></span> <span class='ocrx_word' id='word_1_150' title='bbox 657 2749 847 2822; x_wconf 81' lang='lat' dir='ltr'><strong>fastuosam</strong></span> <span class='ocrx_word' id='word_1_151' title='bbox 869 2749 1095 2850; x_wconf 80' lang='lat' dir='ltr'><strong>sagacitatem</strong></span> <span class='ocrx_word' id='word_1_152' title='bbox 1112 2768 1235 2823; x_wconf 88' lang='lat' dir='ltr'><strong>retun-</strong></span> 
     </span>
     <span class='ocr_line' id='line_1_26' title="bbox 292 2847 1233 2949; baseline -0.004 -25"><span class='ocrx_word' id='word_1_153' title='bbox 292 2849 380 2924; x_wconf 71' lang='lat' dir='ltr'><strong>dett</strong></span> <span class='ocrx_word' id='word_1_154' title='bbox 405 2849 545 2921; x_wconf 84' lang='lat' dir='ltr'><strong>Tamen</strong></span> <span class='ocrx_word' id='word_1_155' title='bbox 566 2858 638 2922; x_wconf 76' lang='lat' dir='ltr'><strong>nod</strong></span> <span class='ocrx_word' id='word_1_156' title='bbox 653 2847 758 2920; x_wconf 87' lang='lat' dir='ltr'><strong>inulti</strong></span> <span class='ocrx_word' id='word_1_157' title='bbox 777 2847 981 2922; x_wconf 86' lang='lat' dir='ltr'><strong>moriemur.</strong></span> <span class='ocrx_word' id='word_1_158' title='bbox 1005 2851 1108 2949; x_wconf 81' lang='lat' dir='ltr'><strong>Ipse,</strong></span> <span class='ocrx_word' id='word_1_159' title='bbox 1136 2851 1233 2948; x_wconf 82' lang='lat' dir='ltr'><strong>ipse,</strong></span> 
     </span>
     <span class='ocr_line' id='line_1_27' title="bbox 291 2945 1237 3060; baseline -0.001 -42"><span class='ocrx_word' id='word_1_160' title='bbox 291 2947 455 3048; x_wconf 87' lang='lat' dir='ltr'><strong>quamvis</strong></span> <span class='ocrx_word' id='word_1_161' title='bbox 481 2948 590 3020; x_wconf 86' lang='lat' dir='ltr'><strong>sciam</strong></span> <span class='ocrx_word' id='word_1_162' title='bbox 612 2949 650 3017; x_wconf 92' lang='lat' dir='ltr'><strong>in</strong></span> <span class='ocrx_word' id='word_1_163' title='bbox 666 2951 749 3018; x_wconf 71' lang='lat' dir='ltr'><strong>&#39;tota</strong></span> <span class='ocrx_word' id='word_1_164' title='bbox 770 2963 874 3060; x_wconf 70' lang='lat' dir='ltr'><strong>gente</strong></span> <span class='ocrx_word' id='word_1_165' title='bbox 898 2951 1018 3021; x_wconf 68' lang='lat' dir='ltr'><strong>nostra</strong></span> <span class='ocrx_word' id='word_1_166' title='bbox 1034 2945 1237 3020; x_wconf 85' lang='lat' dir='ltr'><strong>inferiorem</strong></span> 
     </span>
     <span class='ocr_line' id='line_1_28' title="bbox 293 3043 1236 3143; baseline -0.002 -26"><span class='ocrx_word' id='word_1_167' title='bbox 293 3073 368 3119; x_wconf 86' lang='lat' dir='ltr'><strong>esse</strong></span> <span class='ocrx_word' id='word_1_168' title='bbox 386 3072 444 3116; x_wconf 89' lang='lat' dir='ltr'><strong>me</strong></span> <span class='ocrx_word' id='word_1_169' title='bbox 466 3046 662 3135; x_wconf 86' lang='lat' dir='ltr'><strong>nemiuem,</strong></span> <span class='ocrx_word' id='word_1_170' title='bbox 683 3043 860 3143; x_wconf 76' lang='lat' dir='ltr'><strong>pulpitum</strong></span> <span class='ocrx_word' id='word_1_171' title='bbox 879 3046 1121 3118; x_wconf 85' lang='lat' dir='ltr'><strong>conscendam.</strong></span> <span class='ocrx_word' id='word_1_172' title='bbox 1142 3049 1236 3117; x_wconf 87' lang='lat' dir='ltr'><strong>Date</strong></span> 
     </span>
     <span class='ocr_line' id='line_1_29' title="bbox 292 3133 1238 3244; baseline -0.005 -27"><span class='ocrx_word' id='word_1_173' title='bbox 292 3143 428 3234; x_wconf 87' lang='lat' dir='ltr'><strong>locum,</strong></span> <span class='ocrx_word' id='word_1_174' title='bbox 448 3142 770 3242; x_wconf 85' lang='lat' dir='ltr'><strong>atque:imparatus</strong></span> <span class='ocrx_word' id='word_1_175' title='bbox 792 3133 896 3236; x_wconf 74' lang='lat' dir='ltr'><strong>litet,</strong></span> <span class='ocrx_word' id='word_1_176' title='bbox 925 3172 969 3216; x_wconf 84' lang='lat' dir='ltr'><strong>ex</strong></span> <span class='ocrx_word' id='word_1_177' title='bbox 989 3160 1238 3244; x_wconf 61' lang='lat' dir='ltr'><strong>temporeper-</strong></span> 
     </span>
     <span class='ocr_line' id='line_1_30' title="bbox 294 3239 1238 3342; baseline -0.003 -30"><span class='ocrx_word' id='word_1_178' title='bbox 294 3239 468 3330; x_wconf 59' lang='lat' dir='ltr'><strong>prabosssi</strong></span> <span class='ocrx_word' id='word_1_179' title='bbox 484 3257 613 3314; x_wconf 80' lang='lat' dir='ltr'><strong>natura</strong></span> <span class='ocrx_word' id='word_1_180' title='bbox 633 3241 763 3341; x_wconf 76' lang='lat' dir='ltr'><strong>negat,</strong></span> <span class='ocrx_word' id='word_1_181' title='bbox 785 3241 887 3338; x_wconf 76' lang='lat' dir='ltr'><strong>dabit</strong></span> <span class='ocrx_word' id='word_1_182' title='bbox 901 3242 1119 3342; x_wconf 84' lang='lat' dir='ltr'><strong>indignatib,</strong></span> <span class='ocrx_word' id='word_1_183' title='bbox 1143 3241 1238 3312; x_wconf 75' lang='lat' dir='ltr'><strong>unde</strong></span> 
     </span>
     <span class='ocr_line' id='line_1_31' title="bbox 295 3337 1238 3508; baseline -0.004 -96"><span class='ocrx_word' id='word_1_184' title='bbox 295 3339 493 3412; x_wconf 85' lang='lat' dir='ltr'><strong>exultantes</strong></span> <span class='ocrx_word' id='word_1_185' title='bbox 510 3338 721 3508; x_wconf 54' lang='lat' dir='ltr'><strong>t{uveniliter</strong></span> <span class='ocrx_word' id='word_1_186' title='bbox 742 3339 912 3413; x_wconf 84' lang='lat' dir='ltr'><strong>derisores</strong></span> <span class='ocrx_word' id='word_1_187' title='bbox 937 3341 1013 3412; x_wconf 88' lang='lat' dir='ltr'><strong>illos</strong></span> <span class='ocrx_word' id='word_1_188' title='bbox 1035 3337 1238 3439; x_wconf 73' lang='lat' dir='ltr'><strong>aggrediar,</strong></span> 
     </span>
     <span class='ocr_line' id='line_1_32' title="bbox 296 3437 686 3537; baseline 0 -29"><span class='ocrx_word' id='word_1_189' title='bbox 296 3463 339 3508; x_wconf 88' lang='lat' dir='ltr'><strong>su</strong></span> <span class='ocrx_word' id='word_1_190' title='bbox 384 3464 484 3530; x_wconf 86' lang='lat' dir='ltr'><strong>rem,</strong></span> <span class='ocrx_word' id='word_1_191' title='bbox 535 3437 686 3537; x_wconf 87' lang='lat' dir='ltr'><strong>ejiciam.</strong></span> 
     </span>
    </p>

    <p class='ocr_par' dir='ltr' id='par_1_8' title="bbox 258 3534 1329 3833">
     <span class='ocr_line' id='line_1_33' title="bbox 363 3534 1241 3620; baseline 0.001 -16"><span class='ocrx_word' id='word_1_192' title='bbox 363 3550 445 3608; x_wconf 85' lang='lat' dir='ltr'><strong>tane</strong></span> <span class='ocrx_word' id='word_1_193' title='bbox 473 3542 556 3609; x_wconf 72' lang='lat' dir='ltr'><strong>verb</strong></span> <span class='ocrx_word' id='word_1_194' title='bbox 580 3538 825 3608; x_wconf 82' lang='lat' dir='ltr'><strong>contemnendi</strong></span> <span class='ocrx_word' id='word_1_195' title='bbox 850 3537 948 3609; x_wconf 75' lang='lat' dir='ltr'><strong>vobis</strong></span> <span class='ocrx_word' id='word_1_196' title='bbox 965 3535 1156 3620; x_wconf 76' lang='lat' dir='ltr'><strong>ridemur,</strong></span> <span class='ocrx_word' id='word_1_197' title='bbox 1180 3534 1241 3606; x_wconf 90' lang='lat' dir='ltr'><strong>ho-</strong></span> 
     </span>
     <span class='ocr_line' id='line_1_34' title="bbox 298 3631 1238 3731; baseline 0 -29"><span class='ocrx_word' id='word_1_198' title='bbox 298 3634 411 3703; x_wconf 88' lang='lat' dir='ltr'><strong>mines</strong></span> <span class='ocrx_word' id='word_1_199' title='bbox 421 3632 544 3704; x_wconf 90' lang='lat' dir='ltr'><strong>belluli</strong></span> <span class='ocrx_word' id='word_1_200' title='bbox 557 3645 595 3706; x_wconf 83' lang='lat' dir='ltr'><strong>ac</strong></span> <span class='ocrx_word' id='word_1_201' title='bbox 604 3632 741 3731; x_wconf 90' lang='lat' dir='ltr'><strong>polituli</strong></span> <span class='ocrx_word' id='word_1_202' title='bbox 750 3633 765 3703; x_wconf 73' lang='lat' dir='ltr'><strong>l</strong></span> <span class='ocrx_word' id='word_1_203' title='bbox 775 3636 829 3704; x_wconf 85' lang='lat' dir='ltr'><strong>Ut</strong></span> <span class='ocrx_word' id='word_1_204' title='bbox 840 3631 927 3705; x_wconf 79' lang='lat' dir='ltr'><strong>milri</strong></span> <span class='ocrx_word' id='word_1_205' title='bbox 943 3632 1099 3705; x_wconf 83' lang='lat' dir='ltr'><strong>movistis</strong></span> <span class='ocrx_word' id='word_1_206' title='bbox 1110 3631 1238 3721; x_wconf 87' lang='lat' dir='ltr'><strong>bilem&#39;,</strong></span> 
     </span>
     <span class='ocr_line' id='line_1_35' title="bbox 258 3725 1329 3833; baseline -0.001 -33"><span class='ocrx_word' id='word_1_207' title='bbox 258 3761 266 3779; x_wconf 65' lang='lat'><em>1</em></span> <span class='ocrx_word' id='word_1_208' title='bbox 295 3729 387 3816; x_wconf 52' lang='lat' dir='ltr'><strong>‚dtm</strong></span> <span class='ocrx_word' id='word_1_209' title='bbox 412 3725 604 3818; x_wconf 50' lang='lat' dir='ltr'><strong>facetiae</strong></span> <span class='ocrx_word' id='word_1_210' title='bbox 632 3737 810 3812; x_wconf 72' lang='lat' dir='ltr'><strong>oerussatd</strong></span> <span class='ocrx_word' id='word_1_211' title='bbox 832 3732 988 3807; x_wconf 76' lang='lat' dir='ltr'><strong>emtione</strong></span> <span class='ocrx_word' id='word_1_212' title='bbox 1015 3747 1150 3833; x_wconf 78' lang='lat' dir='ltr'><strong>nugas,</strong></span> <span class='ocrx_word' id='word_1_213' title='bbox 1186 3729 1242 3800; x_wconf 84' lang='lat' dir='ltr'><strong>hle</strong></span> <span class='ocrx_word' id='word_1_214' title='bbox 1320 3749 1329 3766; x_wconf 89' lang='lat'><strong>·</strong></span> 
     </span>
    </p>
   </div>
   <div class='ocr_carea' id='block_1_6' title="bbox 0 0 1418 4414">
    <p class='ocr_par' dir='ltr' id='par_1_9' title="bbox 0 0 1418 4414">
     <span class='ocr_line' id='line_1_36' title="bbox 0 0 1418 4414; baseline 0 0"><span class='ocrx_word' id='word_1_215' title='bbox 0 0 1418 4414; x_wconf 95' lang='lat' dir='ltr'><strong> </strong></span> 
     </span>
    </p>
   </div>
  </div>
 </body>
</html>
