2756 4414
132 241 153 280 ·'
255 317 257 320 Ι
345 249 521 299 arsen
567 246 876 295 secururs.
1014 203 1101 324 lyd

146 348 249 420 silem
265 350 474 423 accusatoris
487 347 703 448 provinciam
713 343 897 514 impplebitl
910 347 987 447 quis
1003 375 1088 418 con-

145 461 202 518 tra
230 463 417 548 potentum
445 446 597 544 impetus
634 471 673 517 ac
703 471 748 516 ne
764 444 854 516 arias
892 443 1088 517 molitiones

146 543 315 618 obsistet?
330 543 478 621 Atenim
494 571 565 615 non
582 565 700 614 amora
763 541 858 633 triae,
872 542 934 613 sed
949 542 1091 640 capitali

142 640 319 740 'irnpulsus
350 641 428 713 odio
458 639 668 754 Iplpicratem
709 569 858 712 dicatos
890 639 1091 712 accusavit?

1 826 2 833 ἵ
106 825 109 828 ,
146 737 287 852 Nempe
306 739 472 812 virumin
487 739 653 829 divitem,
669 763 776 837 quem
789 738 995 828 auctoritas,
1013 737 1067 808 vis
1073 789 1089 828 ,

146 851 440 1004 {sanatutantur
460 853 651 940 pauperet
673 835 835 948 ignobilis
856 851 996 906 tantum
1025 861 1091 906 au·

173 933 250 1005 eat!
266 935 482 1036 Quanquam
493 935 597 1006 liceat
608 931 673 1004 hoo
685 960 801 1032 1psum
813 934 1014 1026 contestari,
1028 933 1051 1004 J
1052 955 1093 1002 uss

146 1030 262 1123 dices,
284 1033 313 1104 si
330 1059 403 1133 qua
418 1033 577 1104 odiorum
593 1031 729 1104 semina
741 1029 969 1132 suspexistisl
982 1029 1091 1129 Agite
1126 1091 1131 1103 .

147 1128 265 1220 enim,
283 1135 363 1200 oum
380 1131 476 1242 apud
492 1157 552 1203 vos
569 1132 719 1202 Acoetes
737 1129 893 1219 diceret,
918 1126 1090 1200 anmals·

147 1225 248 1298 dictis
265 1244 519 1300 accusa'aonem
537 1255 638 1299 suam
660 1226 861 1326 asperavit?
882 1253 928 1298 an
944 1223 1093 1296 indulsit
1208 1237 1212 1242 '
1281 1306 1283 1316 ⁸
1310 1319 1315 1328 ι

146 1321 360 1396 inimicitiis?
381 1349 428 1398 an
450 1325 648 1494 qulidquam
665 1339 784 1396 contra
797 1323 981 1424 Iphicratis
996 1321 1090 1394 exis·

146 1419 536 1592 fflpssmepseffipgl
552 1424 653 1592 anpn
668 1422 743 1574 ippo
756 1422 967 1496 Liberorum
980 1421 1093 1521 ipsius

197 1546 617 1710 Restdishocednmuildt
628 1547 721 1718 ligas
738 1619 1001 1707 auctoritatem,
1020 1609 1093 1716 qud
1140 1681 1145 1688 ,

146 1737 334 1880 perperam
346 1715 539 1814 Iphicrates
555 1715 686 1798 abusus
704 1721 778 1808 e'st,
795 1713 1040 1814 instingamus.
1059 1713 1109 1797 O¹

161 1835 264 1909 egem
273 1810 366 1884 bend
380 1841 421 1886 ac
438 1813 614 1913 sapienter
626 1813 849 1908 institutam,
869 1812 1034 1902 Judices,
1052 1826 1095 1881 ut
1212 1859 1216 1862 -

21 1943 28 1949 ·
147 1908 308 2021 quisquis
327 1936 472 2008 posnam
488 1911 592 1984 alteri
606 1912 699 1984 male
720 1910 860 2003 intulit,
882 1909 1034 1981 eandem
1058 1923 1096 1978 et
1168 1983 1173 1991 ,

146 2003 222 2103 ipse
242 2005 396 2078 vicissim
417 2001 534 2080 ferat!
559 2009 675 2100 Vide,
694 2009 894 2108 Iphicrate,
912 2009 1020 2120 quam
1033 2032 1095 2105 pa·

146 2127 229 2176 rum
243 2100 510 2178 reformidemus
533 2123 752 2178 momentum
769 2106 857 2207 legis
873 2106 1094 2206 illiusquam

146 2199 313 2272 intentas.
339 2201 418 2272 Hoc
442 2200 648 2299 profitemur
680 2221 798 2276 tecum
826 2203 920 2274 ultro
947 2202 1096 2301 dignum

147 2322 224 2368 esse
242 2297 365 2398 quovis
382 2298 550 2397 supplicio
565 2299 739 2394 injustum
750 2303 986 2370 accusatorem
999 2325 1010 2386 ς
1024 2323 1097 2367 non

148 2393 333 2466 eludemus
362 2395 607 2468 auctoritatem
631 2395 757 2486 illam,
792 2422 901 2495 quam
928 2390 1062 2492 profers
1082 2417 1093 2486 ς
1188 2481 1194 2486 ,

148 2493 212 2563 sed
235 2517 300 2592 age
320 2517 384 2564 cur
403 2491 560 2566 abuteris
577 2494 616 2564 in
633 2493 804 2564 Acoetem
821 2491 883 2562 illa
899 2491 998 2591 lege,
1040 2515 1097 2561 uae

147 2588 264 2687 ipsum
286 2617 357 2660 non
371 2589 487 2704 petiti
512 2591 576 2663 An
597 2591 692 2662 cadit
715 2591 775 2662 lex
792 2589 855 2660 illa
871 2590 910 2660 in
930 2517 1098 2660 eumelus

148 2688 304 2778 minem,
319 2713 382 2787 qur
401 2686 553 2788 injustus
570 2693 750 2760 accusator
769 2715 840 2759 non
853 2684 946 2758 fuid
965 2701 1028 2756 aut
1044 2685 1098 2756 in-

152 2782 264 2854 'ustus
285 2801 464 2858 accusator-
479 2782 696 2876 censebitur,
717 2811 825 2886 quem
836 2784 936 2854 nulla
950 2781 1099 2854 nocendi

149 2809 280 2970 libido,
299 2881 362 2952 sed
379 2909 452 2954 una
468 2883 619 2981 publicae
637 2884 800 2956 utilitatis
819 2881 910 2952 ratio
926 2880 973 2950 ad
991 2905 1095 2952 accu-

151 2978 302 3051 sandum
317 2975 530 3053 stimulaviti
544 2983 696 3082 'Ergotu
713 2979 828 3078 proba
841 3004 1044 3077 perversam
1059 2977 1100 3048 in

106 3093 109 3104 ’
151 3076 283 3148 Acoete
300 3075 538 3170 voluntatem
553 3078 697 3151 ostende
706 3077 844 3180 signum
858 3075 1099 3146 immoderatae

150 3173 371 3273 cupiditatis3
386 3174 523 3273 profer,
542 3177 571 3248 si
580 3193 700 3276 potes,
714 3172 942 3246 maledictum
956 3170 1100 3273 aliquod

151 3287 213 3342 aut
234 3271 446 3344 calumniam
465 3301 574 3374 quam
596 3275 690 3346 inter
706 3271 941 3344 accusandum
959 3265 1098 3342 effude-

149 3369 210 3440 rit.
233 3370 321 3441 Haec
338 3370 434 3444 enim
455 3387 556 3464 sumt,
580 3371 746 3462 Judices,
772 3367 901 3470 quibus
917 3367 1033 3482 'vulgis
1061 3393 1100 3438 se

151 3467 267 3566 prodit
282 3468 345 3540 illa
365 3469 538 3572 cupiditas
553 3495 663 3570 „quae
690 3465 830 3540 frenum
852 3493 923 3538 non
942 3483 1099 3579 patitur,

152 3589 268 3663 neque
292 3593 329 3637 se
352 3592 517 3668 unquam
529 3569 624 3638 intra
647 3565 756 3668 justos
781 3565 1029 3637 moderaaonis
1053 3563 1099 3634 li·

152 3661 255 3732 mites
276 3665 453 3757 eontinet,
481 3671 560 3762 cum
581 3665 782 3766 expatiandi
813 3663 957 3738 liberius
982 3662 1098 3734 locum
1179 3657 1182 3670 '

152 3773 256 3833 nacta
270 3777 336 3836 est.
350 3765 445 3859 Ede,
462 3765 632 3866 inquam,
651 3763 849 3864 Iphicrate,
869 3762 1097 3863 repentinum
