2760 4416
241 225 244 232 ·
313 211 508 272 'nr-nnn
556 200 858 270 secururs.
978 197 1068 299 χ’497

130 315 190 396 'dle
210 345 252 394 su
297 339 385 396 retes
401 322 578 394 exstinctis
597 317 821 419 corporibus,
839 316 926 392 acsi
944 321 1068 396 viven-
1190 337 1193 344 ⁴

131 415 227 489 tibus
275 419 532 492 enevolentiam
554 412 663 518 patris
687 419 816 489 mereri
838 445 909 488 non
934 420 1069 520 possit,

128 513 348 590 desiderium
369 515 528 617 ejusdem
547 516 692 616 sepultis
712 514 918 590 vindicabit.

368 735 632 788 nnon'srus
662 729 838 788 cffl‘snn.

186 900 361 998 Magnum
376 919 429 974 est
445 871 537 976 illud
543 843 560 994 ,Ι
578 902 673 1070 <prod
690 899 840 974 infertur
858 899 961 974 hodie
976 903 1076 976 vobis
1108 891 1113 922 ⁸

21 1091 30 1108 ·
137 997 365 1070 accusationis
372 1001 587 1100 genus,Ado
601 1017 755 1072 escentes
763 1000 943 1071 carissimi.
956 1001 1078 1092 Q'uan'-
1170 1062 1178 1072 .

139 1097 216 1165 tltm
229 1111 281 1166 est
289 1097 383 1168 enim
392 1097 500 1198 Regis
510 1125 550 1168 ac
561 1099 671 1197 patris
681 1099 826 1171 violasse
836 1096 1076 1198 majestatem!

140 1189 310 1288 Ejusdem
334 1221 484 1294 regnum
503 1196 685 1340 nitampue
707 1211 922 1287 attentasse,
945 1202 1080 1295 quantb

142 1285 230 1386 quid
251 1288 365 1388 majus
379 1290 632 1366 debetrideri.
652 1293 857 1393 Utrumque
878 1295 999 1364 sitam
1016 1320 1081 1364 ve·

49 1391 57 1410 ‘
140 1411 223 1456 rum
235 1386 850 1491 evinciturfscinus,qubmjactatur
861 1407 1081 1477 constanter,

143 1509 225 1581 quae
248 1485 356 1584 poscit
381 1512 457 1558 esse
478 1503 577 1559 tanto
604 1488 741 1559 crimini
766 1515 872 1588 paena
899 1513 993 1588 par,
1025 1488 1082 1561 uel

144 1607 252 1747 auem
269 1582 462 1656 detrectent
481 1584 534 1656 illi
559 1586 718 1686 supplicii
741 1586 909 1686 gradum,
932 1586 995 1686 qui
1011 1585 1083 1657 talc

127 1685 130 1692 ’
172 1677 320 1778 agitium
340 1680 571 1754 admiserint?
838 1765 843 1776 ¹
1008 1704 1029 1730 ’ν
1184 1694 1191 1705 '

195 1778 270 1891 Ego
290 1781 406 1870 certe,
432 1780 494 1880 qui
512 1781 668 1879 postulor
690 1782 729 1852 in
752 1780 818 1852 hac
839 1782 945 1852 causb
968 1779 1086 1852 Judex

144 1876 347 1976 aeqtntatis,
373 1893 409 1946 et
426 1876 517 1950 laesae
533 1877 726 1978 majestatis
741 1877 873 1978 pariter
889 1905 928 1949 ac
944 1877 1086 1976 pietatis

144 1972 276 2046 uindex
297 1973 532 2071 interpellor,
567 2003 638 2087 quo
667 1976 778 2047 debeo
804 2002 879 2047 esse
903 1976 941 2044 in
964 1974 1086 2045 ambos

148 2069 290 2140 animo?
318 2070 395 2180 prsis
417 2067 607 2170 patrocimo
628 2089 691 2143 aut
714 2073 821 2143 etiam
840 2071 1088 2142 misericordias
1183 2132 1187 2142 .

147 2165 244 2238 locus
269 2165 507 2266 relinquitur?
542 2171 573 2240 E
599 2170 720 2242 uidem
744 2187 862 2241 vestra
882 2167 956 2240 haec
976 2185 1062 2240 aetas
1074 2220 1086 2259 ,

150 2261 313 2347 nobilitas
329 2265 483 2362 generis,
501 2197 636 2336 inddles
654 2266 865 2364 utriusque,
884 2291 993 2363 quam
1010 2289 1098 2349 sust-¹

150 2362 247 2462 picot
262 2361 409 2452 bonam,
433 2377 469 2432 et
480 2377 595 2434 vestro
607 2362 643 2432 di
693 2387 751 2430 am
767 2361 936 2461 sanguine
950 2411 962 2450 ,
974 2377 1091 2431 totum

146 2487 210 2548 ¹,me
229 2458 327 2533 vobis
344 2458 551 2550 vindicant3
580 2475 638 2556 et¹
664 2455 829 2530 el'ensoris
856 2472 974 2558 partes
996 2457 1091 2530 tueri

153 2558 326 2643 suadent,
343 2583 413 2628 non
432 2555 571 2656 judicis.
866 2629 870 2637 ,

126 2743 132 2756 ·
201 2657 332 2756 Atqui
352 2681 494 2752 possum
506 2707 519 2747 ,
546 2653 773 2756 quantumvis
796 2651 953 2724 ambiam
969 2650 1091 2722 indul-
1205 2669 1209 2678 “

154 2779 235 2853 gere
251 2753 528 2851 propensissimae
540 2779 629 2824 meae
641 2752 679 2822 in
695 2769 886 2850 utrumque
898 2749 1091 2840 voluntati,

154 2851 223 2924 nisi
242 2849 467 2920 accusationis
483 2849 590 2922 illatoe
611 2849 780 2948 probrum
800 2873 840 2916 ac
858 2845 1024 2916 dedecus
1052 2871 1093 2915 e-

154 2943 381 3020 nituseluitis
393 2972 405 3036 ;
417 2945 486 3016 nisi
500 2963 654 3018 vestram
670 2943 777 3033 milri,
796 2943 910 3043 iisque
929 2873 1051 3012 omnib

183 3058 329 3143 uotquot
347 3041 403 3112 hic
423 3041 576 3134 adsunt,
601 3041 837 3112 innocentiam
866 3038 1094 3150 approbatisl

156 3073 314 3239 idipsum
336 3147 419 3212 verb
442 3155 567 3212 neuter
594 3140 644 3211 sic¹
662 3156 840 3210 assecutus
864 3135 1011 3206 dicendo
1038 3135 1094 3206 vi-

158 3243 284 3314 deatur
307 3237 400 3327 cibi,
432 3239 661 3335 suspicionem
684 3263 825 3308 omnem
848 3249 891 3304 ut
910 3233 1092 3304 amoverit.
1189 3289 1193 3298 ,

157 3340 240 3412 Non
250 3352 303 3408 est
312 3336 350 3406 in
361 3351 525 3434 promptu
536 3335 710 3406 declinare
718 3329 943 3403 accusationis
952 3329 1072 3402 odium
1083 3359 1098 3422 ,·

151 3439 246 3510 uum
263 3433 470 3510 accusatoris
485 3432 654 3506 invidiam
667 3431 746 3501 Rex
762 3457 832 3501 non
843 3425 993 3528 refugit,
1012 3429 1098 3500 dum

160 3559 344 3648 personam
354 3532 502 3604 eandem
538 3546 630 3622 ater,
646 3527 858 3601 reclamante
867 3529 1013 3618 natura,
1028 3531 1107 3596 non.

161 3619 304 3800 mrim}
317 3630 481 3723 sustinet.
549 3631 650 3729 empb
680 3627 816 3727 Regem
845 3649 991 3794 orlguere
1020 3619 1100 3696 salai

299 3755 370 3800 om.
397 3731 432 3802 Ι.
899 3722 918 3794 i
1081 3739 1094 3762 ’-

1051 2969 1094 3012 us
1185 2973 1202 2992 ’·
