2766 4412
298 225 370 323 394
565 247 991 338 nurroarcre'

345 347 491 418 Atenim
516 351 637 417 rursds
658 347 858 442 objectant,
882 374 926 418 ne
952 372 997 418 ue
1013 345 1108 418 enim
1121 346 1241 420 ullum

295 443 431 517 faciunt
445 444 684 516 maledicendi
695 443 821 535 linem,
840 444 903 544 qui
924 373 1144 516 llormannos
1164 445 1235 516 im-

294 557 416 644 petere
437 557 511 612 tam
538 542 710 614 malitiose
733 543 865 632 solent3
891 541 1047 635 atenim,
1069 543 1236 642 inquam,

294 643 417 710 rursds
445 638 647 737 objectant,
673 641 775 711 malis
801 640 937 712 utimur
958 641 1079 712 adres
1101 657 1238 712 nostrae

293 734 453 827 artibus3
467 737 671 829 mendacia,
693 738 789 810 dolos
805 737 1035 830 adhibemus,
1054 742 1135 810 edm
1146 763 1240 835 opus

293 850 370 925 est3
395 861 511 935 neque
535 835 738 907 dubitamus
760 853 822 907 aut
846 835 1023 928 veritatis,
1049 851 1113 906 aut
1135 835 1258 906 bonte'

293 928 377 1002 fidei
399 932 600 1032 dispendia,
619 935 714 1034 quod
732 937 802 1004 ere
819 937 938 1026 nostra
951 934 1013 1024 sit,
1034 959 1234 1033 procurare.

293 1030 387 1121 Quae
407 1058 474 1102 vox
499 1031 561 1101 illa
582 1032 750 1122 tandem,
779 1048 842 1102 aut
866 1031 928 1103 ubi
958 1047 1041 1103 sunt
1065 1029 1118 1101 illi
1139 1029 1235 1102 Nor-

292 1127 433 1219 manni,
452 1128 582 1228 quibus
598 1129 633 1200 id
648 1128 751 1226 objici
769 1129 893 1200 meritd
906 1127 1039 1228 possit?
1060 1129 1095 1198 Ο
1106 1127 1238 1227 ¹siquos

291 1222 465 1323 ejusmodi
473 1223 595 1298 infelix
605 1227 732 1327 aliquis
744 1226 923 1298 Neustriae
935 1223 1085 1325 angtrlus
1096 1226 1238 1296 eduxis*

256 1383 264 1396 .
291 1321 364 1394 tet!
382 1339 423 1394 ut
441 1324 624 1396 exalarent
642 1325 761 1396 statim
781 1328 803 1395 a
826 1324 950 1414 nobis,
972 1340 1014 1394 ut
1033 1322 1239 1435 peregrinas·

289 1419 427 1520 longids
440 1422 479 1492 in
495 1449 573 1492 oras
592 1422 885 1494 amandarentur!
907 1439 949 1492 ut
971 1419 1232 1512 Pansinorum,

291 1535 355 1588 aut
375 1520 575 1590 Vasconum
595 1519 632 1590 in
651 1547 755 1666 grepe
768 1547 850 1591 cum
865 1519 1023 1619 ejusdem
1035 1515 1158 1590 farinae
1174 1519 1236 1588 ho·

289 1615 445 1687 minibus
468 1617 734 1689 delitescerent.
758 1636 799 1689 ut
820 1619 966 1689 meritas-
977 1616 1144 1716 nequitiae
1161 1641 1234 1687 suae

193 1771 197 1788 ,
315 1739 414 1784 cenas
440 1715 681 1786 exsolverent!
704 1715 761 1787 Ne
788 1743 833 1787 ue
862 1716 958 1786 enim
976 1715 1093 1786 minda
1120 1713 1236 1784 amica

288 1739 504 1882 bormannis
521 1813 696 1911 probitas,
715 1831 752 1882 et
763 1744 853 1884 bdes
874 1813 991 1884 mimis
1006 1812 1231 1909 incorrupta,

288 1911 397 2006 quam
419 1935 543 2008 expers
559 1906 630 1980 fuci
652 1911 793 2010 dolique
816 1908 1016 2008 prudentia.

336 2007 385 2075 Et
405 2001 538 2078 fructus
561 2023 642 2077 sunt
661 2008 713 2078 illi
742 2007 871 2078 scilicet
892 2005 1110 2077 suavissimae
1134 2004 1232 2077 illius

259 2101 436 2192 ¹indolis,
466 2131 575 2204 quam
606 2103 705 2176 nobis
740 2105 848 2176 etiam
877 2103 1040 2175 invident
1073 2102 1233 2176 homines

287 2199 475 2294 malevoli,
502 2219 538 2272 et
559 2205 675 2301 'quam
704 2199 852 2274 inficiari
883 2201 1028 2300 palam,
1055 2200 1139 2300 quia
1160 2227 1233 2270 non

286 2315 453 2396 possunt,
469 2299 647 2370 criminari
663 2301 807 2391 saltem,
821 2317 857 2371 et
872 2325 1022 2398 pravum
1032 2298 1071 2368 in
1088 2325 1232 2370 sensum

236 2456 240 2468 .
287 2413 458 2468 conantur
470 2398 693 2497 detorquere.
708 2397 845 2470 Notum
858 2415 911 2469 est
923 2396 1107 2487 omnibus,
1122 2400 1231 2495 quam

286 2491 449 2565 idoneam
481 2494 665 2566 bominum
692 2497 872 2586 societati,
905 2498 1013 2662 purim
1042 2510 1161 2590 aptam
1185 2493 1254 2586 ad,

286 2591 368 2660 vitae
391 2593 582 2661 communis
611 2620 741 2683 usum,
777 2597 884 2693 quam
924 2591 1047 2662 acilem
1074 2617 1113 2660 ac
1134 2587 1230 2662 flecti

285 2712 423 2756 ceream
451 2687 566 2756 aliena
598 2688 779 2759 voluntate
809 2689 965 2759 indolem
990 2688 1083 2758 nacti
1103 2687 1230 2759 simus.

285 2783 362 2852 Hoc
395 2783 541 2884 quidem
565 2811 636 2854 non
661 2801 793 2885 negant
816 2785 1063 2858 Narmanuicae
1089 2786 1230 2856 virtutis
1306 2865 1312 2882 Ν

284 2881 505 2951 aemulatores
522 2882 655 2973 invidi3
677 2884 739 2954 sed
754 2883 873 2981 pusilli
891 2883 1091 2994 abjectique
1114 2883 1152 2954 in
1168 2911 1230 2954 no—

285 2977 341 3048 bis
362 2977 471 3050 animi
496 2979 668 3050 indicium
691 2981 967 3052 calumniantur.
996 2981 1133 3052 Scimus
1158 2981 1229 3052 col·

283 3075 430 3148 laudare
456 3103 537 3176 quae
555 3077 647 3148 bona
672 3095 778 3170 sunt,
798 3106 879 3180 quae
899 3079 994 3149 mala
1014 3093 1115 3169 sunt,
1140 3105 1228 3178 pru-

285 3175 410 3245 denter
435 3174 679 3268 dissimulare3
704 3177 859 3249 arridere
878 3177 1137 3276 gaudentibus,
1169 3175 1227 3246 lu·

284 3271 447 3370 gentibus
477 3271 589 3344 amice
611 3273 860 3374 collacrymari.
878 3275 955 3346 Hoc
978 3271 1143 3374 quoniam
1161 3273 1227 3342 bo-

285 3369 441 3440 minibus
458 3368 528 3441 illis
550 3397 619 3442 non
641 3373 775 3470 placet,
795 3373 1014 3464 Normanni,
1040 3371 1225 3470 inquiunt,

284 3466 380 3537 natio
409 3469 567 3541 comoeda
600 3485 674 3562 est,
705 3470 863 3560 larvata,
896 3484 1091 3569 personata.
1126 3468 1227 3540 Facit

277 3593 426 3638 morum
452 3581 652 3637 nostrornm
669 3568 841 3658 suavitas,
863 3565 1059 3638 amabilitas
1078 3565 1225 3656 indolis,

283 3662 416 3762 ingenii
449 3663 613 3763 quaedam
638 3665 782 3735 comitas
814 3681 851 3735 et
878 3659 1092 3754 affabilitas,
1120 3680 1162 3734 ut
1186 3665 1224 3734 in

283 3757 564 3868 benevolentiam
593 3759 763 3863 cujusque
785 3763 1020 3861 adrepamus,
1048 3761 1223 3835 devincia-
