<?xml version="1.0" encoding="UTF-8"?>
<!DOCTYPE html PUBLIC "-//W3C//DTD XHTML 1.0 Transitional//EN"
    "http://www.w3.org/TR/xhtml1/DTD/xhtml1-transitional.dtd">
<html xmlns="http://www.w3.org/1999/xhtml" xml:lang="en" lang="en">
 <head>
  <title>
</title>
<meta http-equiv="Content-Type" content="text/html;charset=utf-8" />
  <meta name='ocr-system' content='tesseract 3.04.00' />
  <meta name='ocr-capabilities' content='ocr_page ocr_carea ocr_par ocr_line ocrx_word'/>
</head>
<body>
  <div class='ocr_page' id='page_1' title='image "./bibliothecarhet01jaygoog/bibliothecarhet01jaygoog_0497.png"; bbox 0 0 2760 4416; ppageno 0'>
   <div class='ocr_carea' id='block_1_1' title="bbox 315 231 1046 326">
    <p class='ocr_par' dir='ltr' id='par_1_1' title="bbox 315 231 1046 326">
     <span class='ocr_line' id='line_1_1' title="bbox 315 231 1046 326; baseline -0.005 -26"><span class='ocrx_word' id='word_1_1' title='bbox 315 251 489 300; x_wconf 77' lang='lat' dir='ltr'><strong>ursan</strong></span> <span class='ocrx_word' id='word_1_2' title='bbox 538 249 840 296; x_wconf 74' lang='lat' dir='ltr'><strong>secururs.</strong></span> <span class='ocrx_word' id='word_1_3' title='bbox 974 231 1046 326; x_wconf 72' lang='lat'><strong>499</strong></span> 
     </span>
    </p>
   </div>
   <div class='ocr_carea' id='block_1_2' title="bbox 1 344 1171 3663">
    <p class='ocr_par' dir='ltr' id='par_1_2' title="bbox 63 344 1123 740">
     <span class='ocr_line' id='line_1_2' title="bbox 125 344 1045 454; baseline 0.003 -36"><span class='ocrx_word' id='word_1_4' title='bbox 125 396 129 418; x_wconf 81' lang='lat'><strong>.</strong></span> <span class='ocrx_word' id='word_1_5' title='bbox 161 349 332 454; x_wconf 86' lang='lat' dir='ltr'><strong>Quisquis</strong></span> <span class='ocrx_word' id='word_1_6' title='bbox 341 347 528 438; x_wconf 88' lang='lat' dir='ltr'><strong>malusest,</strong></span> <span class='ocrx_word' id='word_1_7' title='bbox 538 344 1045 442; x_wconf 85' lang='lat' dir='ltr'><strong>sentitconscientiaestimulos,</strong></span> 
     </span>
     <span class='ocr_line' id='line_1_3' title="bbox 111 439 1045 559; baseline -0.004 -39"><span class='ocrx_word' id='word_1_8' title='bbox 111 450 175 548; x_wconf 91' lang='lat' dir='ltr'><strong>qui</strong></span> <span class='ocrx_word' id='word_1_9' title='bbox 191 475 292 520; x_wconf 87' lang='lat' dir='ltr'><strong>reum</strong></span> <span class='ocrx_word' id='word_1_10' title='bbox 305 461 475 559; x_wconf 72' lang='lat' dir='ltr'><strong>arguunt,</strong></span> <span class='ocrx_word' id='word_1_11' title='bbox 494 439 698 520; x_wconf 81' lang='lat' dir='ltr'><strong>reformidat</strong></span> <span class='ocrx_word' id='word_1_12' title='bbox 709 459 888 542; x_wconf 86' lang='lat' dir='ltr'><strong>aspectum</strong></span> <span class='ocrx_word' id='word_1_13' title='bbox 899 441 1045 543; x_wconf 89' lang='lat' dir='ltr'><strong>judicis,</strong></span> 
     </span>
     <span class='ocr_line' id='line_1_4' title="bbox 110 537 1123 641; baseline -0.009 -24"><span class='ocrx_word' id='word_1_14' title='bbox 110 572 181 617; x_wconf 91' lang='lat' dir='ltr'><strong>non</strong></span> <span class='ocrx_word' id='word_1_15' title='bbox 192 559 327 618; x_wconf 81' lang='lat' dir='ltr'><strong>constat</strong></span> <span class='ocrx_word' id='word_1_16' title='bbox 338 541 422 634; x_wconf 78' lang='lat' dir='ltr'><strong>sibi,</strong></span> <span class='ocrx_word' id='word_1_17' title='bbox 441 541 586 613; x_wconf 88' lang='lat' dir='ltr'><strong>dicendo</strong></span> <span class='ocrx_word' id='word_1_18' title='bbox 600 541 851 641; x_wconf 87' lang='lat' dir='ltr'><strong>perturbatur,</strong></span> <span class='ocrx_word' id='word_1_19' title='bbox 867 555 904 613; x_wconf 88' lang='lat' dir='ltr'><strong>et</strong></span> <span class='ocrx_word' id='word_1_20' title='bbox 919 537 1051 618; x_wconf 72' lang='lat' dir='ltr'><strong>frustra</strong></span> <span class='ocrx_word' id='word_1_21' title='bbox 1121 599 1123 608; x_wconf 88' lang='grc'><em>,</em></span> 
     </span>
     <span class='ocr_line' id='line_1_5' title="bbox 63 635 1047 740; baseline -0.001 -27"><span class='ocrx_word' id='word_1_22' title='bbox 63 701 65 706; x_wconf 88' lang='grc'>.</span> <span class='ocrx_word' id='word_1_23' title='bbox 111 640 357 717; x_wconf 84' lang='lat' dir='ltr'><strong>confidentiam</strong></span> <span class='ocrx_word' id='word_1_24' title='bbox 368 637 524 732; x_wconf 86' lang='lat' dir='ltr'><strong>affectat,</strong></span> <span class='ocrx_word' id='word_1_25' title='bbox 539 665 648 740; x_wconf 90' lang='lat' dir='ltr'><strong>quam</strong></span> <span class='ocrx_word' id='word_1_26' title='bbox 660 635 860 712; x_wconf 89' lang='lat' dir='ltr'><strong>nonhabet.</strong></span> <span class='ocrx_word' id='word_1_27' title='bbox 873 637 1047 740; x_wconf 88' lang='lat' dir='ltr'><strong>Idporrb,</strong></span> 
     </span>
    </p>

    <p class='ocr_par' dir='ltr' id='par_1_3' title="bbox 76 735 1152 1913">
     <span class='ocr_line' id='line_1_6' title="bbox 76 735 1152 850; baseline -0.001 -40"><span class='ocrx_word' id='word_1_28' title='bbox 76 761 78 764; x_wconf 88' lang='grc'><strong><em>·</em></strong></span> <span class='ocrx_word' id='word_1_29' title='bbox 113 741 210 840; x_wconf 87' lang='lat' dir='ltr'><strong>quod</strong></span> <span class='ocrx_word' id='word_1_30' title='bbox 231 739 321 812; x_wconf 91' lang='lat' dir='ltr'><strong>mihi</strong></span> <span class='ocrx_word' id='word_1_31' title='bbox 341 765 412 812; x_wconf 90' lang='lat' dir='ltr'><strong>non</strong></span> <span class='ocrx_word' id='word_1_32' title='bbox 433 753 486 809; x_wconf 88' lang='lat' dir='ltr'><strong>est</strong></span> <span class='ocrx_word' id='word_1_33' title='bbox 507 737 686 849; x_wconf 77' lang='lat' dir='ltr'><strong>integrum</strong></span> <span class='ocrx_word' id='word_1_34' title='bbox 707 763 777 808; x_wconf 91' lang='lat' dir='ltr'><strong>non</strong></span> <span class='ocrx_word' id='word_1_35' title='bbox 795 735 953 850; x_wconf 85' lang='lat' dir='ltr'><strong>profiteri</strong></span> <span class='ocrx_word' id='word_1_36' title='bbox 968 764 1047 810; x_wconf 88' lang='lat' dir='ltr'><strong>ves·</strong></span> <span class='ocrx_word' id='word_1_37' title='bbox 1123 805 1126 812; x_wconf 84' lang='lat'><strong>.</strong></span> <span class='ocrx_word' id='word_1_38' title='bbox 1148 825 1152 836; x_wconf 28' lang='lat'><em>¹</em></span> 
     </span>
     <span class='ocr_line' id='line_1_7' title="bbox 112 833 1048 938; baseline -0.001 -31"><span class='ocrx_word' id='word_1_39' title='bbox 112 853 205 908; x_wconf 86' lang='lat' dir='ltr'><strong>tram</strong></span> <span class='ocrx_word' id='word_1_40' title='bbox 221 839 259 909; x_wconf 90' lang='lat' dir='ltr'><strong>in</strong></span> <span class='ocrx_word' id='word_1_41' title='bbox 274 838 440 938; x_wconf 80' lang='lat' dir='ltr'><strong>gratiam,</strong></span> <span class='ocrx_word' id='word_1_42' title='bbox 454 833 560 906; x_wconf 82' lang='lat' dir='ltr'><strong>nolite</strong></span> <span class='ocrx_word' id='word_1_43' title='bbox 574 862 622 906; x_wconf 82' lang='lat' dir='ltr'><strong>stc</strong></span> <span class='ocrx_word' id='word_1_44' title='bbox 638 835 807 935; x_wconf 75' lang='lat' dir='ltr'><strong>gratulari</strong></span> <span class='ocrx_word' id='word_1_45' title='bbox 819 835 936 927; x_wconf 82' lang='lat' dir='ltr'><strong>robis,</strong></span> <span class='ocrx_word' id='word_1_46' title='bbox 948 835 1048 907; x_wconf 85' lang='lat' dir='ltr'><strong>Ado-</strong></span> 
     </span>
     <span class='ocr_line' id='line_1_8' title="bbox 112 931 1047 1035; baseline -0.001 -30"><span class='ocrx_word' id='word_1_47' title='bbox 112 933 308 1024; x_wconf 88' lang='lat' dir='ltr'><strong>lescentes,</strong></span> <span class='ocrx_word' id='word_1_48' title='bbox 332 935 434 1035; x_wconf 85' lang='lat' dir='ltr'><strong>quasi</strong></span> <span class='ocrx_word' id='word_1_49' title='bbox 449 932 525 1004; x_wconf 77' lang='lat' dir='ltr'><strong>brec</strong></span> <span class='ocrx_word' id='word_1_50' title='bbox 537 932 646 1004; x_wconf 86' lang='lat' dir='ltr'><strong>oratio</strong></span> <span class='ocrx_word' id='word_1_51' title='bbox 664 959 744 1003; x_wconf 89' lang='lat' dir='ltr'><strong>mea</strong></span> <span class='ocrx_word' id='word_1_52' title='bbox 760 959 821 1006; x_wconf 81' lang='lat' dir='ltr'><strong>vos</strong></span> <span class='ocrx_word' id='word_1_53' title='bbox 839 931 1047 1008; x_wconf 83' lang='lat' dir='ltr'><strong>absolveret.</strong></span> 
     </span>
     <span class='ocr_line' id='line_1_9' title="bbox 113 1031 1051 1131; baseline -0.001 -28"><span class='ocrx_word' id='word_1_54' title='bbox 113 1032 228 1131; x_wconf 73' lang='lat' dir='ltr'><strong>Culpa</strong></span> <span class='ocrx_word' id='word_1_55' title='bbox 244 1059 367 1105; x_wconf 85' lang='lat' dir='ltr'><strong>vacare</strong></span> <span class='ocrx_word' id='word_1_56' title='bbox 387 1031 508 1103; x_wconf 87' lang='lat' dir='ltr'>Liberi</span> <span class='ocrx_word' id='word_1_57' title='bbox 525 1057 597 1103; x_wconf 90' lang='lat' dir='ltr'><strong>non</strong></span> <span class='ocrx_word' id='word_1_58' title='bbox 620 1046 791 1130; x_wconf 81' lang='lat' dir='ltr'><strong>possunt3</strong></span> <span class='ocrx_word' id='word_1_59' title='bbox 819 1057 907 1131; x_wconf 88' lang='lat' dir='ltr'><strong>quos</strong></span> <span class='ocrx_word' id='word_1_60' title='bbox 920 1055 967 1104; x_wconf 63' lang='lat' dir='ltr'><strong>,re</strong></span> <span class='ocrx_word' id='word_1_61' title='bbox 993 1059 1051 1102; x_wconf 91' lang='lat' dir='ltr'><strong>re-</strong></span> 
     </span>
     <span class='ocr_line' id='line_1_10' title="bbox 113 1059 1051 1229; baseline 0 -29"><span class='ocrx_word' id='word_1_62' title='bbox 113 1127 368 1229; x_wconf 81' lang='lat' dir='ltr'><strong>henditpater3</strong></span> <span class='ocrx_word' id='word_1_63' title='bbox 383 1145 419 1201; x_wconf 92' lang='lat' dir='ltr'><strong>et</strong></span> <span class='ocrx_word' id='word_1_64' title='bbox 426 1128 491 1200; x_wconf 90' lang='lat' dir='ltr'><strong>boc</strong></span> <span class='ocrx_word' id='word_1_65' title='bbox 502 1144 665 1199; x_wconf 74' lang='lat' dir='ltr'>nocentes</span> <span class='ocrx_word' id='word_1_66' title='bbox 678 1129 761 1199; x_wconf 87' lang='lat' dir='ltr'><strong>satis</strong></span> <span class='ocrx_word' id='word_1_67' title='bbox 775 1127 906 1201; x_wconf 83' lang='lat' dir='ltr'><strong>deberit</strong></span> <span class='ocrx_word' id='word_1_68' title='bbox 916 1059 1029 1202; x_wconf 63' lang='lat' dir='ltr'><strong>videri</strong></span> <span class='ocrx_word' id='word_1_69' title='bbox 1037 1181 1051 1224; x_wconf 97' lang='lat'><strong>,</strong></span> 
     </span>
     <span class='ocr_line' id='line_1_11' title="bbox 112 1225 1050 1328; baseline -0.001 -29"><span class='ocrx_word' id='word_1_70' title='bbox 112 1230 177 1326; x_wconf 91' lang='lat' dir='ltr'><strong>qui</strong></span> <span class='ocrx_word' id='word_1_71' title='bbox 197 1228 305 1328; x_wconf 89' lang='lat' dir='ltr'><strong>patris</strong></span> <span class='ocrx_word' id='word_1_72' title='bbox 322 1228 368 1298; x_wconf 92' lang='lat' dir='ltr'><strong>ad</strong></span> <span class='ocrx_word' id='word_1_73' title='bbox 382 1225 540 1298; x_wconf 81' lang='lat' dir='ltr'><strong>tribunal</strong></span> <span class='ocrx_word' id='word_1_74' title='bbox 559 1225 785 1298; x_wconf 76' lang='lat' dir='ltr'><strong>damnantur.</strong></span> <span class='ocrx_word' id='word_1_75' title='bbox 805 1225 882 1300; x_wconf 89' lang='lat' dir='ltr'><strong>Hoc</strong></span> <span class='ocrx_word' id='word_1_76' title='bbox 898 1243 1050 1318; x_wconf 91' lang='lat' dir='ltr'><strong>natura,</strong></span> 
     </span>
     <span class='ocr_line' id='line_1_12' title="bbox 113 1321 1051 1425; baseline -0.001 -29"><span class='ocrx_word' id='word_1_77' title='bbox 113 1321 605 1425; x_wconf 80' lang='lat' dir='ltr'><strong>bocratio,hocdivinaeleges</strong></span> <span class='ocrx_word' id='word_1_78' title='bbox 613 1321 849 1424; x_wconf 74' lang='lat' dir='ltr'><strong>humanaeque</strong></span> <span class='ocrx_word' id='word_1_79' title='bbox 901 1323 1051 1416; x_wconf 85' lang='lat' dir='ltr'><strong>stulant,</strong></span> 
     </span>
     <span class='ocr_line' id='line_1_13' title="bbox 113 1353 1053 1521; baseline 0.002 -29"><span class='ocrx_word' id='word_1_80' title='bbox 113 1421 165 1493; x_wconf 73' lang='lat' dir='ltr'><strong>ita</strong></span> <span class='ocrx_word' id='word_1_81' title='bbox 181 1422 327 1494; x_wconf 89' lang='lat' dir='ltr'><strong>Liberos</strong></span> <span class='ocrx_word' id='word_1_82' title='bbox 348 1423 491 1512; x_wconf 82' lang='lat' dir='ltr'><strong>vivere,</strong></span> <span class='ocrx_word' id='word_1_83' title='bbox 519 1437 561 1492; x_wconf 91' lang='lat' dir='ltr'><strong>ut</strong></span> <span class='ocrx_word' id='word_1_84' title='bbox 583 1420 787 1521; x_wconf 71' lang='lat' dir='ltr'><strong>suspicionis</strong></span> <span class='ocrx_word' id='word_1_85' title='bbox 809 1353 1053 1494; x_wconf 64' lang='lat' dir='ltr'><strong>veiirmbram</strong></span> 
     </span>
     <span class='ocr_line' id='line_1_14' title="bbox 84 1517 1056 1620; baseline 0.003 -30"><span class='ocrx_word' id='word_1_86' title='bbox 84 1597 93 1618; x_wconf 82' lang='lat'><strong>.</strong></span> <span class='ocrx_word' id='word_1_87' title='bbox 113 1521 320 1619; x_wconf 88' lang='lat' dir='ltr'><strong>parentibus</strong></span> <span class='ocrx_word' id='word_1_88' title='bbox 333 1519 501 1590; x_wconf 85' lang='lat' dir='ltr'><strong>adimant.</strong></span> <span class='ocrx_word' id='word_1_89' title='bbox 518 1517 686 1589; x_wconf 86' lang='lat' dir='ltr'><strong>Sanctum</strong></span> <span class='ocrx_word' id='word_1_90' title='bbox 696 1533 750 1590; x_wconf 90' lang='lat' dir='ltr'><strong>est</strong></span> <span class='ocrx_word' id='word_1_91' title='bbox 760 1519 888 1592; x_wconf 90' lang='lat' dir='ltr'><strong>scilicet</strong></span> <span class='ocrx_word' id='word_1_92' title='bbox 899 1521 1056 1620; x_wconf 87' lang='lat' dir='ltr'><strong>parentis</strong></span> 
     </span>
     <span class='ocr_line' id='line_1_15' title="bbox 114 1613 1052 1718; baseline 0.005 -31"><span class='ocrx_word' id='word_1_93' title='bbox 114 1640 263 1708; x_wconf 88' lang='lat' dir='ltr'><strong>nomen,</strong></span> <span class='ocrx_word' id='word_1_94' title='bbox 283 1643 348 1688; x_wconf 90' lang='lat' dir='ltr'><strong>nec</strong></span> <span class='ocrx_word' id='word_1_95' title='bbox 365 1618 440 1688; x_wconf 88' lang='lat' dir='ltr'><strong>sine</strong></span> <span class='ocrx_word' id='word_1_96' title='bbox 454 1617 552 1716; x_wconf 80' lang='lat' dir='ltr'><strong>gravi</strong></span> <span class='ocrx_word' id='word_1_97' title='bbox 569 1615 779 1688; x_wconf 85' lang='lat' dir='ltr'><strong>Liberorum</strong></span> <span class='ocrx_word' id='word_1_98' title='bbox 791 1613 925 1718; x_wconf 82' lang='lat' dir='ltr'><strong>flagitio</strong></span> <span class='ocrx_word' id='word_1_99' title='bbox 940 1617 1052 1692; x_wconf 82' lang='lat' dir='ltr'><strong>offen-</strong></span> 
     </span>
     <span class='ocr_line' id='line_1_16' title="bbox 114 1707 1055 1830; baseline 0.004 -46"><span class='ocrx_word' id='word_1_100' title='bbox 114 1713 248 1785; x_wconf 86' lang='lat' dir='ltr'><strong>sionem</strong></span> <span class='ocrx_word' id='word_1_101' title='bbox 265 1716 410 1812; x_wconf 86' lang='lat' dir='ltr'><strong>patitur.</strong></span> <span class='ocrx_word' id='word_1_102' title='bbox 430 1715 481 1786; x_wconf 89' lang='lat' dir='ltr'><strong>Er</strong></span> <span class='ocrx_word' id='word_1_103' title='bbox 504 1715 629 1785; x_wconf 77' lang='lat' dir='ltr'><strong>onoxd</strong></span> <span class='ocrx_word' id='word_1_104' title='bbox 643 1707 722 1818; x_wconf 71' lang='lat' dir='ltr'><strong>quis</strong></span> <span class='ocrx_word' id='word_1_105' title='bbox 738 1742 799 1786; x_wconf 81' lang='lat' dir='ltr'><strong>vos</strong></span> <span class='ocrx_word' id='word_1_106' title='bbox 816 1715 971 1808; x_wconf 84' lang='lat' dir='ltr'><strong>eximat,</strong></span> <span class='ocrx_word' id='word_1_107' title='bbox 991 1717 1055 1830; x_wconf 81' lang='lat' dir='ltr'><strong>qui</strong></span> 
     </span>
     <span class='ocr_line' id='line_1_17' title="bbox 116 1739 1138 1913; baseline 0.001 -31"><span class='ocrx_word' id='word_1_108' title='bbox 116 1811 210 1913; x_wconf 78' lang='lat' dir='ltr'><strong>patri</strong></span> <span class='ocrx_word' id='word_1_109' title='bbox 218 1811 463 1912; x_wconf 84' lang='lat' dir='ltr'><strong>expostulandi</strong></span> <span class='ocrx_word' id='word_1_110' title='bbox 477 1739 521 1883; x_wconf 73' lang='lat' dir='ltr'><strong>de</strong></span> <span class='ocrx_word' id='word_1_111' title='bbox 530 1812 629 1884; x_wconf 86' lang='lat' dir='ltr'><strong>vobis</strong></span> <span class='ocrx_word' id='word_1_112' title='bbox 639 1813 854 1886; x_wconf 88' lang='lat' dir='ltr'><strong>occasionem</strong></span> <span class='ocrx_word' id='word_1_113' title='bbox 863 1813 1054 1889; x_wconf 59' lang='lat' dir='ltr'><strong>dederitis}</strong></span> <span class='ocrx_word' id='word_1_114' title='bbox 1135 1891 1138 1898; x_wconf 16' lang='grc' dir='ltr'><strong><em>Δ</em></strong></span> 
     </span>
    </p>

    <p class='ocr_par' dir='ltr' id='par_1_4' title="bbox 164 1908 1055 2023">
     <span class='ocr_line' id='line_1_18' title="bbox 164 1908 1055 2023; baseline 0.002 -43"><span class='ocrx_word' id='word_1_115' title='bbox 164 1909 290 1980; x_wconf 90' lang='lat' dir='ltr'><strong>Unum</strong></span> <span class='ocrx_word' id='word_1_116' title='bbox 308 1926 419 1982; x_wconf 88' lang='lat' dir='ltr'><strong>restat</strong></span> <span class='ocrx_word' id='word_1_117' title='bbox 433 1908 507 2006; x_wconf 88' lang='lat' dir='ltr'><strong>jam</strong></span> <span class='ocrx_word' id='word_1_118' title='bbox 521 1909 620 1981; x_wconf 84' lang='lat' dir='ltr'><strong>vobis</strong></span> <span class='ocrx_word' id='word_1_119' title='bbox 637 1911 675 1982; x_wconf 91' lang='lat' dir='ltr'><strong>in</strong></span> <span class='ocrx_word' id='word_1_120' title='bbox 692 1911 848 2023; x_wconf 90' lang='lat' dir='ltr'><strong>parentis</strong></span> <span class='ocrx_word' id='word_1_121' title='bbox 869 1911 1055 1984; x_wconf 79' lang='lat' dir='ltr'><strong>clementid</strong></span> 
     </span>
    </p>

    <p class='ocr_par' dir='ltr' id='par_1_5' title="bbox 1 2005 1153 2400">
     <span class='ocr_line' id='line_1_19' title="bbox 1 2005 1055 2108; baseline 0.004 -32"><span class='ocrx_word' id='word_1_122' title='bbox 1 2055 2 2058; x_wconf 20' lang='grc' dir='ltr'><strong>κ</strong></span> <span class='ocrx_word' id='word_1_123' title='bbox 115 2007 343 2107; x_wconf 82' lang='lat' dir='ltr'><strong>praesidium,</strong></span> <span class='ocrx_word' id='word_1_124' title='bbox 368 2005 617 2078; x_wconf 88' lang='lat' dir='ltr'><strong>Adolescentes</strong></span> <span class='ocrx_word' id='word_1_125' title='bbox 634 2009 770 2108; x_wconf 80' lang='lat' dir='ltr'><strong>optimi.</strong></span> <span class='ocrx_word' id='word_1_126' title='bbox 790 2007 889 2080; x_wconf 80' lang='lat' dir='ltr'><strong>Illius</strong></span> <span class='ocrx_word' id='word_1_127' title='bbox 908 2025 961 2082; x_wconf 89' lang='lat' dir='ltr'><strong>est</strong></span> <span class='ocrx_word' id='word_1_128' title='bbox 978 2035 1055 2082; x_wconf 92' lang='lat' dir='ltr'><strong>reos</strong></span> 
     </span>
     <span class='ocr_line' id='line_1_20' title="bbox 116 2102 1055 2210; baseline 0.006 -37"><span class='ocrx_word' id='word_1_129' title='bbox 116 2102 322 2194; x_wconf 86' lang='lat' dir='ltr'><strong>absolvere,</strong></span> <span class='ocrx_word' id='word_1_130' title='bbox 343 2105 406 2206; x_wconf 91' lang='lat' dir='ltr'><strong>qui</strong></span> <span class='ocrx_word' id='word_1_131' title='bbox 422 2104 584 2176; x_wconf 86' lang='lat' dir='ltr'><strong>sumendi</strong></span> <span class='ocrx_word' id='word_1_132' title='bbox 599 2131 722 2204; x_wconf 86' lang='lat' dir='ltr'><strong>poenas</strong></span> <span class='ocrx_word' id='word_1_133' title='bbox 739 2105 795 2205; x_wconf 88' lang='lat' dir='ltr'><strong>jus</strong></span> <span class='ocrx_word' id='word_1_134' title='bbox 812 2103 934 2178; x_wconf 87' lang='lat' dir='ltr'><strong>habet.</strong></span> <span class='ocrx_word' id='word_1_135' title='bbox 956 2105 1055 2210; x_wconf 72' lang='lat' dir='ltr'><strong>Ego,</strong></span> 
     </span>
     <span class='ocr_line' id='line_1_21' title="bbox 1 2191 1058 2304; baseline 0.002 -32"><span class='ocrx_word' id='word_1_136' title='bbox 1 2191 3 2218; x_wconf 75' lang='grc'>’</span> <span class='ocrx_word' id='word_1_137' title='bbox 117 2201 215 2300; x_wconf 92' lang='lat' dir='ltr'><strong>quod</strong></span> <span class='ocrx_word' id='word_1_138' title='bbox 235 2198 349 2274; x_wconf 76' lang='lat' dir='ltr'><strong>iacere</strong></span> <span class='ocrx_word' id='word_1_139' title='bbox 371 2227 543 2299; x_wconf 85' lang='lat' dir='ltr'><strong>possum,</strong></span> <span class='ocrx_word' id='word_1_140' title='bbox 575 2217 611 2271; x_wconf 87' lang='lat' dir='ltr'><strong>et</strong></span> <span class='ocrx_word' id='word_1_141' title='bbox 634 2204 729 2300; x_wconf 85' lang='lat' dir='ltr'><strong>quod</strong></span> <span class='ocrx_word' id='word_1_142' title='bbox 753 2201 844 2274; x_wconf 83' lang='lat' dir='ltr'><strong>ultrb</strong></span> <span class='ocrx_word' id='word_1_143' title='bbox 865 2203 1058 2304; x_wconf 79' lang='lat' dir='ltr'><strong>volensque</strong></span> 
     </span>
     <span class='ocr_line' id='line_1_22' title="bbox 25 2295 1153 2400; baseline 0 -30"><span class='ocrx_word' id='word_1_144' title='bbox 25 2367 31 2376; x_wconf 83' lang='grc'><em>,</em></span> <span class='ocrx_word' id='word_1_145' title='bbox 117 2298 356 2400; x_wconf 65' lang='lat' dir='ltr'><strong>praestandum</strong></span> <span class='ocrx_word' id='word_1_146' title='bbox 372 2295 461 2368; x_wconf 89' lang='lat' dir='ltr'><strong>mibi</strong></span> <span class='ocrx_word' id='word_1_147' title='bbox 477 2295 634 2387; x_wconf 81' lang='lat' dir='ltr'><strong>vindico,</strong></span> <span class='ocrx_word' id='word_1_148' title='bbox 656 2297 751 2369; x_wconf 84' lang='lat' dir='ltr'><strong>viam</strong></span> <span class='ocrx_word' id='word_1_149' title='bbox 768 2313 885 2370; x_wconf 86' lang='lat' dir='ltr'><strong>sterno</strong></span> <span class='ocrx_word' id='word_1_150' title='bbox 901 2298 1060 2374; x_wconf 79' lang='lat' dir='ltr'><strong>vobisad</strong></span> <span class='ocrx_word' id='word_1_151' title='bbox 1149 2299 1153 2306; x_wconf 50' lang='lat'>‘</span> 
     </span>
    </p>

    <p class='ocr_par' dir='ltr' id='par_1_6' title="bbox 1 2393 1171 3468">
     <span class='ocr_line' id='line_1_23' title="bbox 1 2393 1061 2497; baseline 0.002 -29"><span class='ocrx_word' id='word_1_152' title='bbox 1 2445 2 2454; x_wconf 53' lang='lat'><strong>.</strong></span> <span class='ocrx_word' id='word_1_153' title='bbox 117 2396 273 2496; x_wconf 84' lang='lat' dir='ltr'><strong>parentis</strong></span> <span class='ocrx_word' id='word_1_154' title='bbox 286 2394 458 2497; x_wconf 79' lang='lat' dir='ltr'><strong>gratiam,</strong></span> <span class='ocrx_word' id='word_1_155' title='bbox 483 2410 540 2486; x_wconf 87' lang='lat' dir='ltr'><strong>et,</strong></span> <span class='ocrx_word' id='word_1_156' title='bbox 568 2419 677 2495; x_wconf 86' lang='lat' dir='ltr'><strong>quam</strong></span> <span class='ocrx_word' id='word_1_157' title='bbox 701 2393 887 2468; x_wconf 83' lang='lat' dir='ltr'><strong>indulsisse</strong></span> <span class='ocrx_word' id='word_1_158' title='bbox 907 2423 965 2468; x_wconf 90' lang='lat' dir='ltr'><strong>me</strong></span> <span class='ocrx_word' id='word_1_159' title='bbox 989 2423 1061 2472; x_wconf 85' lang='lat' dir='ltr'><strong>non</strong></span> 
     </span>
     <span class='ocr_line' id='line_1_24' title="bbox 119 2490 1060 2598; baseline 0 -32"><span class='ocrx_word' id='word_1_160' title='bbox 119 2496 278 2596; x_wconf 81' lang='lat' dir='ltr'><strong>pigeret,</strong></span> <span class='ocrx_word' id='word_1_161' title='bbox 304 2491 416 2566; x_wconf 77' lang='lat' dir='ltr'><strong>reniae</strong></span> <span class='ocrx_word' id='word_1_162' title='bbox 439 2490 536 2564; x_wconf 81' lang='lat' dir='ltr'><strong>vobis</strong></span> <span class='ocrx_word' id='word_1_163' title='bbox 553 2491 757 2592; x_wconf 87' lang='lat' dir='ltr'><strong>deprecator</strong></span> <span class='ocrx_word' id='word_1_164' title='bbox 772 2493 909 2570; x_wconf 86' lang='lat' dir='ltr'><strong>accedo.</strong></span> <span class='ocrx_word' id='word_1_165' title='bbox 930 2493 1060 2598; x_wconf 88' lang='lat' dir='ltr'><strong>Neque</strong></span> 
     </span>
     <span class='ocr_line' id='line_1_25' title="bbox 119 2588 1060 2694; baseline 0.002 -30"><span class='ocrx_word' id='word_1_166' title='bbox 119 2599 202 2664; x_wconf 83' lang='lat' dir='ltr'><strong>verb</strong></span> <span class='ocrx_word' id='word_1_167' title='bbox 209 2619 328 2690; x_wconf 89' lang='lat' dir='ltr'><strong>preces</strong></span> <span class='ocrx_word' id='word_1_168' title='bbox 338 2617 435 2661; x_wconf 88' lang='lat' dir='ltr'><strong>meas</strong></span> <span class='ocrx_word' id='word_1_169' title='bbox 446 2589 606 2662; x_wconf 90' lang='lat' dir='ltr'><strong>Herodes</strong></span> <span class='ocrx_word' id='word_1_170' title='bbox 619 2588 866 2682; x_wconf 88' lang='lat' dir='ltr'><strong>frustrabitur,</strong></span> <span class='ocrx_word' id='word_1_171' title='bbox 879 2607 942 2664; x_wconf 88' lang='lat' dir='ltr'><strong>aut</strong></span> <span class='ocrx_word' id='word_1_172' title='bbox 951 2617 1060 2694; x_wconf 87' lang='lat' dir='ltr'><strong>quam</strong></span> 
     </span>
     <span class='ocr_line' id='line_1_26' title="bbox 121 2682 1069 2788; baseline 0.002 -28"><span class='ocrx_word' id='word_1_173' title='bbox 121 2689 302 2762; x_wconf 82' lang='lat' dir='ltr'><strong>suscitavit</strong></span> <span class='ocrx_word' id='word_1_174' title='bbox 313 2691 409 2788; x_wconf 88' lang='lat' dir='ltr'><strong>ipse,</strong></span> <span class='ocrx_word' id='word_1_175' title='bbox 423 2682 588 2758; x_wconf 88' lang='lat' dir='ltr'><strong>fiduciam</strong></span> <span class='ocrx_word' id='word_1_176' title='bbox 598 2687 734 2762; x_wconf 90' lang='lat' dir='ltr'><strong>illudet.</strong></span> <span class='ocrx_word' id='word_1_177' title='bbox 750 2688 834 2760; x_wconf 90' lang='lat' dir='ltr'><strong>Non</strong></span> <span class='ocrx_word' id='word_1_178' title='bbox 843 2689 873 2760; x_wconf 87' lang='lat' dir='ltr'><strong>is</strong></span> <span class='ocrx_word' id='word_1_179' title='bbox 886 2706 957 2781; x_wconf 87' lang='lat' dir='ltr'><strong>est,</strong></span> <span class='ocrx_word' id='word_1_180' title='bbox 972 2685 1069 2762; x_wconf 54' lang='lat' dir='ltr'><strong>mihia</strong></span> 
     </span>
     <span class='ocr_line' id='line_1_27' title="bbox 121 2779 1061 2884; baseline 0 -27"><span class='ocrx_word' id='word_1_181' title='bbox 121 2779 274 2876; x_wconf 87' lang='lat' dir='ltr'><strong>credite,</strong></span> <span class='ocrx_word' id='word_1_182' title='bbox 290 2785 352 2884; x_wconf 90' lang='lat' dir='ltr'><strong>qui</strong></span> <span class='ocrx_word' id='word_1_183' title='bbox 367 2785 503 2855; x_wconf 81' lang='lat' dir='ltr'><strong>exorari</strong></span> <span class='ocrx_word' id='word_1_184' title='bbox 513 2813 583 2857; x_wconf 88' lang='lat' dir='ltr'><strong>non</strong></span> <span class='ocrx_word' id='word_1_185' title='bbox 595 2787 703 2877; x_wconf 83' lang='lat' dir='ltr'><strong>velit,</strong></span> <span class='ocrx_word' id='word_1_186' title='bbox 722 2803 758 2858; x_wconf 92' lang='lat' dir='ltr'><strong>et</strong></span> <span class='ocrx_word' id='word_1_187' title='bbox 767 2785 915 2881; x_wconf 87' lang='lat' dir='ltr'><strong>injurias</strong></span> <span class='ocrx_word' id='word_1_188' title='bbox 924 2803 1061 2858; x_wconf 84' lang='lat' dir='ltr'><strong>veteres</strong></span> 
     </span>
     <span class='ocr_line' id='line_1_28' title="bbox 122 2880 1059 2984; baseline -0.001 -29"><span class='ocrx_word' id='word_1_189' title='bbox 122 2909 194 2956; x_wconf 86' lang='lat' dir='ltr'><strong>non</strong></span> <span class='ocrx_word' id='word_1_190' title='bbox 207 2881 376 2952; x_wconf 88' lang='lat' dir='ltr'><strong>condonet</strong></span> <span class='ocrx_word' id='word_1_191' title='bbox 391 2880 587 2970; x_wconf 82' lang='lat' dir='ltr'><strong>lubentibs,</strong></span> <span class='ocrx_word' id='word_1_192' title='bbox 605 2886 712 2982; x_wconf 81' lang='lat' dir='ltr'><strong>qudm</strong></span> <span class='ocrx_word' id='word_1_193' title='bbox 725 2881 916 2954; x_wconf 83' lang='lat' dir='ltr'><strong>vindictam</strong></span> <span class='ocrx_word' id='word_1_194' title='bbox 928 2881 1059 2984; x_wconf 82' lang='lat' dir='ltr'><strong>exigat.</strong></span> 
     </span>
     <span class='ocr_line' id='line_1_29' title="bbox 3 2975 1171 3080; baseline 0.002 -29"><span class='ocrx_word' id='word_1_195' title='bbox 3 3057 5 3064; x_wconf 23' lang='lat'><strong>¹</strong></span> <span class='ocrx_word' id='word_1_196' title='bbox 123 2982 199 3052; x_wconf 86' lang='lat' dir='ltr'><strong>Imb</strong></span> <span class='ocrx_word' id='word_1_197' title='bbox 216 2975 305 3050; x_wconf 88' lang='lat' dir='ltr'><strong>nibil</strong></span> <span class='ocrx_word' id='word_1_198' title='bbox 323 2977 480 3077; x_wconf 79' lang='lat' dir='ltr'><strong>cupidius</strong></span> <span class='ocrx_word' id='word_1_199' title='bbox 493 2977 627 3050; x_wconf 88' lang='lat' dir='ltr'><strong>ambiat</strong></span> <span class='ocrx_word' id='word_1_200' title='bbox 643 2995 743 3078; x_wconf 89' lang='lat' dir='ltr'><strong>pater</strong></span> <span class='ocrx_word' id='word_1_201' title='bbox 759 2981 933 3078; x_wconf 83' lang='lat' dir='ltr'><strong>optimus,</strong></span> <span class='ocrx_word' id='word_1_202' title='bbox 953 2984 1063 3080; x_wconf 71' lang='lat' dir='ltr'><strong>quam</strong></span> <span class='ocrx_word' id='word_1_203' title='bbox 1168 3047 1171 3053; x_wconf 93' lang='lat'><strong>.</strong></span> 
     </span>
     <span class='ocr_line' id='line_1_30' title="bbox 123 3075 1062 3188; baseline -0.002 -38"><span class='ocrx_word' id='word_1_204' title='bbox 123 3093 167 3150; x_wconf 91' lang='lat' dir='ltr'><strong>ut</strong></span> <span class='ocrx_word' id='word_1_205' title='bbox 186 3075 396 3176; x_wconf 89' lang='lat' dir='ltr'><strong>persuadere</strong></span> <span class='ocrx_word' id='word_1_206' title='bbox 419 3075 486 3147; x_wconf 86' lang='lat' dir='ltr'><strong>sibi</strong></span> <span class='ocrx_word' id='word_1_207' title='bbox 508 3077 639 3177; x_wconf 90' lang='lat' dir='ltr'><strong>possit,</strong></span> <span class='ocrx_word' id='word_1_208' title='bbox 665 3075 817 3148; x_wconf 89' lang='lat' dir='ltr'><strong>insontes</strong></span> <span class='ocrx_word' id='word_1_209' title='bbox 842 3103 944 3168; x_wconf 87' lang='lat' dir='ltr'><strong>esse,</strong></span> <span class='ocrx_word' id='word_1_210' title='bbox 975 3104 1062 3188; x_wconf 82' lang='lat' dir='ltr'><strong>quos</strong></span> 
     </span>
     <span class='ocr_line' id='line_1_31' title="bbox 123 3171 1061 3288; baseline -0.006 -38"><span class='ocrx_word' id='word_1_211' title='bbox 123 3191 289 3250; x_wconf 85' lang='lat' dir='ltr'><strong>nocentes</strong></span> <span class='ocrx_word' id='word_1_212' title='bbox 302 3171 475 3288; x_wconf 85' lang='lat' dir='ltr'><strong>putabat;</strong></span> <span class='ocrx_word' id='word_1_213' title='bbox 501 3191 561 3268; x_wconf 89' lang='lat' dir='ltr'><strong>et,</strong></span> <span class='ocrx_word' id='word_1_214' title='bbox 586 3176 647 3276; x_wconf 92' lang='lat' dir='ltr'><strong>qui</strong></span> <span class='ocrx_word' id='word_1_215' title='bbox 663 3173 753 3245; x_wconf 89' lang='lat' dir='ltr'><strong>nibil</strong></span> <span class='ocrx_word' id='word_1_216' title='bbox 771 3174 887 3245; x_wconf 90' lang='lat' dir='ltr'><strong>doleat</strong></span> <span class='ocrx_word' id='word_1_217' title='bbox 898 3201 1061 3285; x_wconf 77' lang='lat' dir='ltr'><strong>gravius,</strong></span> 
     </span>
     <span class='ocr_line' id='line_1_32' title="bbox 126 3269 1063 3374; baseline -0.004 -29"><span class='ocrx_word' id='word_1_218' title='bbox 126 3273 400 3374; x_wconf 81' lang='lat' dir='ltr'><strong>qudmindrgnos</strong></span> <span class='ocrx_word' id='word_1_219' title='bbox 409 3269 595 3343; x_wconf 89' lang='lat' dir='ltr'><strong>seLiberos</strong></span> <span class='ocrx_word' id='word_1_220' title='bbox 604 3273 1063 3371; x_wconf 82' lang='lat' dir='ltr'><strong>genuisse,patroc1nantem</strong></span> 
     </span>
     <span class='ocr_line' id='line_1_33' title="bbox 3 3367 1062 3468; baseline -0.003 -25"><span class='ocrx_word' id='word_1_221' title='bbox 3 3399 4 3402; x_wconf 45' lang='lat'>¹</span> <span class='ocrx_word' id='word_1_222' title='bbox 33 3430 41 3450; x_wconf 72' lang='lat'><strong>.</strong></span> <span class='ocrx_word' id='word_1_223' title='bbox 128 3371 226 3444; x_wconf 82' lang='lat' dir='ltr'><strong>robis</strong></span> <span class='ocrx_word' id='word_1_224' title='bbox 243 3387 409 3442; x_wconf 85' lang='lat' dir='ltr'><strong>naturam</strong></span> <span class='ocrx_word' id='word_1_225' title='bbox 426 3367 537 3438; x_wconf 88' lang='lat' dir='ltr'><strong>multo</strong></span> <span class='ocrx_word' id='word_1_226' title='bbox 549 3394 579 3444; x_wconf 74' lang='lat' dir='ltr'><strong>as</strong></span> <span class='ocrx_word' id='word_1_227' title='bbox 605 3368 682 3438; x_wconf 83' lang='lat' dir='ltr'><strong>uibs</strong></span> <span class='ocrx_word' id='word_1_228' title='bbox 702 3367 847 3459; x_wconf 86' lang='lat' dir='ltr'><strong>audiet,</strong></span> <span class='ocrx_word' id='word_1_229' title='bbox 869 3371 976 3468; x_wconf 75' lang='lat' dir='ltr'><strong>quam</strong></span> <span class='ocrx_word' id='word_1_230' title='bbox 993 3368 1062 3440; x_wconf 90' lang='lat' dir='ltr'><strong>ini-</strong></span> 
     </span>
    </p>

    <p class='ocr_par' dir='ltr' id='par_1_7' title="bbox 129 3395 1065 3663">
     <span class='ocr_line' id='line_1_34' title="bbox 129 3395 825 3568; baseline -0.004 -29"><span class='ocrx_word' id='word_1_231' title='bbox 129 3469 209 3568; x_wconf 84' lang='lat' dir='ltr'><strong>quis</strong></span> <span class='ocrx_word' id='word_1_232' title='bbox 226 3469 270 3541; x_wconf 86' lang='lat' dir='ltr'><strong>de</strong></span> <span class='ocrx_word' id='word_1_233' title='bbox 285 3484 435 3566; x_wconf 89' lang='lat' dir='ltr'><strong>utroque</strong></span> <span class='ocrx_word' id='word_1_234' title='bbox 452 3395 651 3536; x_wconf 82' lang='lat' dir='ltr'><strong>rumoribus</strong></span> <span class='ocrx_word' id='word_1_235' title='bbox 666 3463 825 3537; x_wconf 85' lang='lat' dir='ltr'><strong>credidit.</strong></span> 
     </span>
     <span class='ocr_line' id='line_1_35' title="bbox 180 3563 1065 3663; baseline 0.002 -29"><span class='ocrx_word' id='word_1_236' title='bbox 180 3565 280 3637; x_wconf 89' lang='lat' dir='ltr'><strong>Sensi</strong></span> <span class='ocrx_word' id='word_1_237' title='bbox 293 3565 471 3642; x_wconf 81' lang='lat' dir='ltr'><strong>enimverb</strong></span> <span class='ocrx_word' id='word_1_238' title='bbox 487 3579 601 3634; x_wconf 89' lang='lat' dir='ltr'><strong>totum</strong></span> <span class='ocrx_word' id='word_1_239' title='bbox 610 3564 764 3663; x_wconf 87' lang='lat' dir='ltr'><strong>parentis</strong></span> <span class='ocrx_word' id='word_1_240' title='bbox 781 3563 958 3656; x_wconf 80' lang='lat' dir='ltr'><strong>animum,</strong></span> <span class='ocrx_word' id='word_1_241' title='bbox 980 3564 1065 3636; x_wconf 81' lang='lat' dir='ltr'><strong>dum</strong></span> 
     </span>
    </p>
   </div>
   <div class='ocr_carea' id='block_1_3' title="bbox 4 3649 1110 3752">
    <p class='ocr_par' dir='ltr' id='par_1_8' title="bbox 4 3649 1110 3752">
     <span class='ocr_line' id='line_1_36' title="bbox 4 3649 1110 3752; baseline 0 -18"><span class='ocrx_word' id='word_1_242' title='bbox 4 3657 5 3722; x_wconf 68' lang='lat' dir='ltr'><strong>i</strong></span> <span class='ocrx_word' id='word_1_243' title='bbox 48 3679 57 3686; x_wconf 90' lang='grc'><strong>“</strong></span> <span class='ocrx_word' id='word_1_244' title='bbox 130 3689 232 3734; x_wconf 86' lang='lat' dir='ltr'><strong>suam</strong></span> <span class='ocrx_word' id='word_1_245' title='bbox 254 3649 356 3733; x_wconf 85' lang='lat' dir='ltr'><strong>ambo</strong></span> <span class='ocrx_word' id='word_1_246' title='bbox 381 3660 692 3732; x_wconf 80' lang='lat' dir='ltr'><strong>communistudio</strong></span> <span class='ocrx_word' id='word_1_247' title='bbox 711 3687 852 3733; x_wconf 90' lang='lat' dir='ltr'><strong>causam</strong></span> <span class='ocrx_word' id='word_1_248' title='bbox 883 3663 1064 3752; x_wconf 87' lang='lat' dir='ltr'><strong>dicerent;</strong></span> <span class='ocrx_word' id='word_1_249' title='bbox 1106 3704 1110 3711; x_wconf 91' lang='lat'>·</span> 
     </span>
    </p>
   </div>
   <div class='ocr_carea' id='block_1_4' title="bbox 130 3755 1064 3930">
    <p class='ocr_par' dir='ltr' id='par_1_9' title="bbox 130 3755 1064 3930">
     <span class='ocr_line' id='line_1_37' title="bbox 130 3755 1064 3928; baseline -0.005 -92"><span class='ocrx_word' id='word_1_250' title='bbox 130 3786 201 3836; x_wconf 84' lang='lat' dir='ltr'><strong>non</strong></span> <span class='ocrx_word' id='word_1_251' title='bbox 216 3760 432 3859; x_wconf 79' lang='lat' dir='ltr'><strong>temperarit</strong></span> <span class='ocrx_word' id='word_1_252' title='bbox 452 3755 542 3851; x_wconf 83' lang='lat' dir='ltr'><strong>sibi,</strong></span> <span class='ocrx_word' id='word_1_253' title='bbox 568 3759 656 3857; x_wconf 90' lang='lat' dir='ltr'><strong>quin</strong></span> <span class='ocrx_word' id='word_1_254' title='bbox 677 3776 952 3928; x_wconf 68' lang='lat' dir='ltr'><strong>commuperetur</strong></span> <span class='ocrx_word' id='word_1_255' title='bbox 974 3758 1064 3832; x_wconf 84' lang='lat' dir='ltr'><strong>filio-</strong></span> 
     </span>
     <span class='ocr_line' id='line_1_38' title="bbox 839 3883 900 3930; baseline 0.033 -2"><span class='ocrx_word' id='word_1_256' title='bbox 839 3883 852 3928; x_wconf 90' lang='grc' dir='ltr'>ι</span> <span class='ocrx_word' id='word_1_257' title='bbox 875 3885 900 3930; x_wconf 83' lang='lat'><em>2</em></span> 
     </span>
    </p>
   </div>
   <div class='ocr_carea' id='block_1_5' title="bbox 0 0 1405 4416">
    <p class='ocr_par' dir='ltr' id='par_1_10' title="bbox 0 0 1405 4416">
     <span class='ocr_line' id='line_1_39' title="bbox 0 0 1405 4416; baseline 0 0"><span class='ocrx_word' id='word_1_258' title='bbox 0 0 1405 4416; x_wconf 95' lang='lat' dir='ltr'><strong> </strong></span> 
     </span>
    </p>
   </div>
   <div class='ocr_carea' id='block_1_6' title="bbox 1376 0 1383 674">
    <p class='ocr_par' dir='ltr' id='par_1_11' title="bbox 1376 0 1383 674">
     <span class='ocr_line' id='line_1_40' title="bbox 1376 0 1383 674; baseline 0 0"><span class='ocrx_word' id='word_1_259' title='bbox 1376 0 1383 674; x_wconf 95' lang='lat' dir='ltr'><strong> </strong></span> 
     </span>
    </p>
   </div>
  </div>
 </body>
</html>
