2756 4414
272 175 356 268 ’ᾦό
542 194 1018 247 uuurourcffi·

172 359 178 374 .
287 311 427 370 moveat
450 293 510 366 ille
534 295 647 366 multo
675 295 813 395 magis,
837 297 901 396 qui
921 295 1056 464 sinqula
1077 291 1229 368 fratrum

287 393 508 466 incommodo
526 392 683 490 pertulit.
712 393 887 464 Pomisset
909 394 991 464 Ado
1004 419 1122 466 escens
1141 393 1230 494 opti·
1255 459 1265 469 .

289 517 369 562 mus
397 506 547 561 tractare
570 517 693 582 arma,
716 507 753 561 et
778 491 815 561 in
840 489 952 562 solum
973 491 1229 594 pulveremque

289 585 456 660 bellicum
481 615 524 660 ex
548 588 677 660 umbrd
697 587 929 688 pslaestrdque
942 588 1129 662 domesticd
1148 617 1232 690 pro-

61 786 66 798 x
162 703 164 708 '
288 682 1231 796 dire,suamqueindefendenddpatridiortitudrnem

290 782 459 856 exhibere
477 785 673 883 zpotuisset
690 785 728 854 in
748 781 822 854 loro
844 784 978 856 versari
995 811 1077 856 cum
1098 784 1203 856 leude
1213 837 1231 870 ,

291 898 328 953 et
338 880 471 993 ingenii
481 881 612 993 pariter
625 881 901 983 eruditionisque
914 881 1089 981 specimen
1098 882 1202 953 edere
1218 909 1231 950 t

290 995 460 1080 potunsct
489 1005 528 1050 1n
551 979 664 1052 olterd
689 977 848 1078 quelibet
869 997 948 1051 arte
981 996 1164 1051 strenuum
1192 1005 1233 1049 se

236 1090 239 1096 '
290 1093 400 1177 atque
422 1074 578 1148 habilem
604 1073 773 1177 profiteri.
792 1078 927 1149 Verdm
950 1103 1067 1177 neque
1092 1075 1232 1148 militie

289 1199 421 1246 nornen
457 1173 566 1267 darc,
607 1201 725 1344 nepue
743 1173 911 1246 dicendis
949 1174 1060 1246 causis
1085 1200 1236 1285 operam

239 1321 242 1342 .
290 1298 420 1372 ponere
430 1298 573 1372 ,neque
586 1300 635 1345 er
671 1271 802 1344 octrind
815 1271 1234 1344 ulldcommenduuonem

287 1385 478 1470 ,expectare
495 1369 569 1470 jorn
584 1387 712 1471 potest.
736 1371 835 1461 Quid
857 1368 965 1516 iptur
982 1385 1064 1469 agat
1081 1365 1201 1440 infelix
1216 1368 1234 1438 ἓ

291 1473 365 1567 qud
387 1495 424 1540 se
443 1466 584 1540 vertat?
607 1477 678 1569 qud
693 1465 869 1567 confugiat
912 1467 999 1567 quid
1019 1465 1152 1538 consilii
1167 1491 1232 1538 co·-

247 1651 250 1662 .
293 1564 398 1664 piati
416 1564 514 1665 cujus
534 1593 636 1666 opem
652 1565 841 1667 imploret,
857 1563 1151 1677 nisipaternami
1193 1563 1234 1650 i,

250 1677 253 1689 '
292 1662 483 1762 qualecum
509 1692 553 1736 ue
578 1664 707 1738 doloris
730 1663 820 1738 tanti
844 1661 1006 1738 solatium
1015 1715 1032 1751 ,
1054 1661 1120 1736 her
1167 1662 1235 1736 'ta-

294 1776 368 1830 tem
396 1693 632 1858 adjudicetis?

529 1950 745 1999 'ORATIO
782 1949 997 1998 tumore

329 2086 666 2188 'Controversiam'
696 2090 797 2161 inter
814 2091 982 2161 Fratres
1013 2101 1183 2190 quatuor

650 2183 874 2259 dirimentis.

239 2401 248 2414 ,
343 2346 471 2420 Gravis
499 2349 639 2446 penitds
675 2375 716 2418 ac
742 2343 893 2420 difficilis
926 2375 971 2420 ex
1003 2348 1098 2420 omni
1132 2363 1235 2446 purte

295 2444 530 2518 controversia
551 2445 677 2517 vestris
699 2446 882 2524 sententiis
908 2443 1012 2517 hodie
1037 2445 1237 2516 dirimenda

223 2555 237 2564 “
294 2543 528 2644 proponitur,
544 2543 701 2616 Judices.
726 2543 927 2615 Dicendum
949 2543 1005 2639 jus
1022 2542 1115 2612 inter
1139 2542 1235 2612 cives

295 2657 449 2740 quatuor
484 2640 696 2742 eosdemque
721 2641 815 2713 inter
846 2668 882 2711 se
912 2639 1234 2735 conjunctissimos,

295 2735 380 2810 huic
401 2735 535 2808 civitati
550 2738 706 2811 Juvenes
726 2739 945 2826 carissimos,
967 2761 1030 2807 suo
1043 2735 1081 2807 in
1100 2735 1232 2838 Remp.

294 2831 439 2924 studio„
462 2833 515 2905 sin
563 2835 632 2908 lori
658 2838 696 2908 in
720 2851 903 2934 parentem
927 2833 1073 2906 caritate
1095 2851 1233 2935 specta·-

295 2931 460 3004 tissimos.
487 2860 591 3004 tiiiiil
606 2933 804 3044 postulatur
820 2930 866 3002 ab
882 2957 1095 3033 unoquoque
1110 2985 1121 3024 ,
1140 2931 1235 3042 quod

296 3027 516 3130 singidonun
535 3031 669 3103 mentis
683 3057 753 3100 non
773 3029 935 3102 debiturn
944 3083 959 3118 ,
980 3029 1077 3130 quod
1092 3029 1237 3102 insertor

295 3155 420 3200 eorum
438 3127 561 3199 virtuti
584 3153 717 3199 merces
735 3127 848 3200 videri
873 3155 945 3198 non
966 3128 1086 3227 possit.

346 3225 486 3296 Tamen
518 3251 582 3311 nec
618 3223 701 3296 licet
729 3223 830 3296 nobis
863 3253 984 3298 omnes
1000 3247 1004 3256 ·
1018 3221 1132 3322 fecere
1162 3223 1235 3295 voti

297 3321 353 3394 sui
388 3339 586 3422 compotes,
612 3351 679 3395 nec
700 3323 932 3422 pronunciare
966 3321 1070 3395 unius
1096 3349 1141 3392 ex
1164 3319 1234 3391 illis

295 3419 534 3532 ingratiam,
559 3421 646 3521 quin
670 3421 788 3492 coeteri
806 3421 906 3493 laesos
926 3448 964 3493 se
984 3418 1090 3490 fuisse
1115 3419 1237 3518 aliqu'o

295 3545 374 3615 Jure
403 3546 465 3590 suo
488 3535 761 3631 conquerantru.
796 3519 936 3591 Scilicet
960 3515 1136 3590 hereditas
1169 3542 1235 3614 pa·
1290 3589 1295 3596 ,
1350 3577 1357 3588 .

295 3631 398 3688 terna
414 3641 485 3688 non
509 3617 644 3708 divisa,
671 3616 733 3687 sed
758 3632 857 3708 toto,
878 3643 947 3688 non
970 3631 1134 3713 exparte
1152 3630 1233 3684 tan·

295 3717 396 3808 ttm,
427 3714 490 3790 scd
520 3714 560 3790 in
593 3713 744 3788 solidum
769 3732 807 3789 ct
827 3739 871 3790 er
895 3739 972 3788 asse
998 3711 1050 3786 itd
1080 3709 1233 3812 singulos
