2768 4410
311 231 383 307 290
566 227 981 278 RHETORICAE

309 327 520 404 labefactare
539 325 669 426 Remp.
688 349 912 398 communem
929 326 1134 431 extinguere
1146 323 1256 403 liber-

279 465 284 498 t
308 445 420 501 tatem
447 421 670 525 cogitarunt?

306 561 308 565 ·
355 521 439 594 Ah!
462 549 532 608 ne,
547 547 611 620 per
627 522 723 592 Deos
736 521 974 615 immortales,
988 521 1031 594 Ρ.
1052 523 1094 594 C.
1107 575 1119 614 ,
1134 523 1252 597 Stulta

306 649 347 693 ac
368 633 581 722 praepostera
605 643 746 690 reorum
766 619 1022 692 commiseratio
1045 615 1166 694 flectat
1188 647 1251 696 vos

305 735 369 791 aut
401 733 632 790 commoveat.
664 717 765 810 Quos
800 717 936 788 meritis
964 734 1102 818 ereptos
1197 719 1253 792 nis

303 815 503 907 volueritis,
520 813 584 886 lros
601 813 787 888 universus
803 813 960 914 Populus
977 815 1023 886 ad
1040 745 1254 916 supplitiium

304 913 465 1013 reposcit.
497 911 583 985 Fuit
610 911 685 982 hoec
714 910 829 1004 mihi,
852 927 893 982 ut
926 909 1040 990 fatear
1068 913 1165 1027 quod
1195 939 1252 986 res

302 1027 375 1102 est,
391 1011 432 1081 P.
447 1009 510 1101 C.,
522 1007 615 1082 inter
629 1007 871 1109 gravissimos,
883 1031 972 1121 quoe
986 1007 1122 1083 nefana
1133 1010 1254 1112 conju·

303 1108 393 1180 ratio
416 1123 532 1179 metus
549 1105 720 1199 incussit,
746 1107 932 1180 consolatio
948 1131 1020 1180 non
1040 1108 1150 1199 levis,
1169 1113 1253 1182 edm

302 1221 442 1304 paratos
468 1199 705 1276 multitudinis
744 1203 879 1296 totius,
920 1206 967 1276 ad
1005 1201 1252 1304 repellendum

302 1329 487 1375 commune
513 1302 676 1392 melum,
699 1300 835 1372 animos
866 1299 1085 1400 'deprehendi
1107 1331 1117 1373 r
1139 1303 1252 1375 erexit

301 1428 402 1498 spem
429 1399 617 1490 Consulis,
642 1411 679 1468 et
704 1422 810 1469 novos
832 1397 941 1468 etiam
964 1398 1102 1470 addidit
1123 1401 1257 1473 stimu·

301 1497 353 1569 los
376 1497 576 1596 conspirans
609 1495 741 1567 civium
764 1496 923 1565 omnium
953 1495 1000 1565 ad
1023 1495 1195 1568 tuendam
1210 1497 1252 1568 li·

302 1587 478 1666 bertatem
504 1609 675 1682 nostram¹
689 1591 852 1665 voluntas
864 1620 876 1684 ;
902 1617 966 1664 nec
987 1593 1251 1694 praevaliturum

160 1713 290 1794 aunajoe
301 1691 425 1793 putavi
444 1715 637 1791 paucorum
660 1689 942 1789 improbitatem,
958 1715 1067 1790 quam
1088 1691 1136 1762 ad
1155 1717 1250 1764 coer·

112 1783 144 1830 “¹
165 1787 254 1829 mmm·
302 1789 468 1880 cendam,
491 1787 666 1900 quidquid
691 1789 729 1859 in
754 1787 822 1859 htc
844 1787 934 1859 urbe
962 1805 1122 1860 sanctum
1140 1804 1250 1889 atque

300 1888 480 2004 integrum
496 1903 573 1977 est,
596 1885 856 1958 mcenderetur.
871 1883 1000 1959 Videte
1024 1911 1129 1985 ergo,
1179 1913 1246 1958 ua-

301 1985 373 2058 lem
389 2011 476 2057 mre
492 1982 556 2055 tali
571 2009 759 2083 personam
774 1983 867 2056 tueri
879 2009 940 2057 vos
956 1999 1127 2080 oporteat.
1194 1984 1249 2085 gi-

301 2097 398 2175 tate,
452 2081 551 2154 uoles
568 2108 629 2152 vos
651 2079 747 2172 sitis,
766 2098 804 2152 et
825 2081 872 2153 ad
899 2097 1076 2182 quantum
1097 2081 1133 2152 di
1184 2081 1250 2154 ‘ta-

300 2181 346 2254 tis
375 2109 526 2282 gra‘dum
546 2180 670 2252 evecti.
699 2178 820 2250 Nolite
846 2177 939 2250 hanc
957 2177 1099 2250 inurere
1174 2181 1249 2252 dini
1348 2265 1351 2270 Δ

301 2295 417 2370 restro
437 2275 579 2370 labem,
596 2295 638 2349 ut
649 2277 782 2378 jactare
798 2275 878 2376 quis
895 2275 1004 2376 possit
1017 2277 1104 2348 dum
1118 2293 1249 2376 praeter
1297 2289 1298 2296 ’

302 2394 434 2450 sortem
468 2375 566 2448 fortis
602 2393 640 2449 et
665 2375 843 2448 animosus
878 2399 923 2472 po
948 2373 1027 2446 ulus
1056 2375 1246 2472 apparuit,

302 2501 446 2575 segnem
463 2503 503 2545 ac
528 2475 665 2546 lentum
688 2475 727 2543 in
748 2469 913 2544 vindicem
983 2470 1160 2542 communi
1186 2471 1246 2543 in-

111 2655 114 2662 ,
280 2571 395 2670 'jurid
421 2573 592 2642 Senatum
610 2566 780 2642 extitisse.
836 2645 841 2650 ,

156 2713 178 2756 Α
198 2709 288 2758 m
349 2669 408 2739 De
419 2694 478 2739 me
490 2673 573 2738 verb
589 2665 680 2738 nihil
700 2667 837 2757 dicam,
859 2663 900 2734 Ρ.
927 2661 998 2751 C.,
1020 2659 1246 2738 intellexistis
1303 2695 1304 2704 ¹

113 2776 144 2824 nd
162 2775 251 2838 nujus.
299 2765 396 2838 enim
417 2763 485 2863 ipsl
508 2761 610 2855 satis,
633 2783 766 2866 quanto
782 2762 902 2861 eapitis
919 2759 991 2832 mei
1005 2761 1163 2861 periculo
1180 2764 1249 2835 im·

299 2864 496 2938 minentem
512 2862 612 2932 vobis
633 2865 765 2962 totique
784 2859 911 2959 populo
931 2859 1092 2930 Romano
1108 2860 1246 2933 cladem

266 2960 270 2980 ’
300 2959 514 3052 averterim
533 2957 703 3059 quantam
719 2959 757 3030 in
774 2985 831 3029 me
850 2957 1098 3029 sceleratorum
1115 2959 1245 3031 civium

298 3057 366 3150 isto
406 3053 558 3128 facinore
595 3055 765 3128 invidiam
806 3055 1073 3149 concitaverim3
1115 3055 1243 3157 quibus

299 3155 388 3228 ineis
405 3153 583 3226 laboribus
607 3153 765 3254 quietem
785 3181 825 3225 ac
845 3151 1137 3255 tranquillitatem
1162 3153 1244 3224 huic

299 3253 451 3353 Imperio
484 3252 707 3324 redemerim.
732 3249 860 3325 Videte
896 3251 961 3324 hoc
999 3277 1131 3340 unum,
1170 3277 1241 3342 ne,
1276 3329 1280 3336 ¹

300 3355 381 3424 oum
393 3350 481 3422 mihi
492 3349 721 3423 honorificum
737 3347 862 3444 fuerit,
876 3347 1050 3439 fortunas,
1068 3345 1239 3439 salutem,

300 3449 413 3536 vitam
438 3477 501 3562 pro
529 3450 707 3521 communi
731 3449 822 3520 bono
852 3445 1046 3536 devovisse,
1068 3443 1118 3514 ita
1142 3441 1242 3517 vobis

301 3545 404 3646 turpe
424 3564 486 3637 srt,
499 3547 598 3618 inani
614 3564 714 3617 metu
733 3543 915 3617 deterritos
939 3540 985 3612 ab
1005 3541 1240 3642 exstirpandis

301 3645 392 3716 tanti
410 3641 502 3716 mali
523 3642 680 3742 reliquiis
704 3639 925 3714 abstinuisse.
