2710 4418
315 215 519 265 erese
568 211 836 264 neruus.
971 196 1042 295 239

100 312 284 418 praecipue
301 312 426 385 modis.
440 312 579 384 Primus
592 329 665 406 est,
677 312 706 383 si
716 313 785 384 duo
796 313 1043 391 Contradicen-

102 417 159 488 tia
172 411 366 485 secundom
380 411 492 483 varios
506 407 668 501 effectus,
687 439 807 483 causas
824 428 859 484 et
879 414 1042 512 adjuncta
1080 417 1081 420 '

103 510 298 609 sumpseris
312 537 322 578 ι
337 537 373 582 v.
383 535 417 621 g.
430 533 528 578 amor
539 509 704 580 etodium
717 527 799 581 sunt
811 512 1043 584 contradicen-

105 611 182 702 tia,
201 607 284 678 hinc
301 621 460 707 sequitur
475 602 757 700 amoriscffectus
767 659 779 698 ,
793 634 912 678 causas
930 626 965 680 et
983 613 1043 680 ed·
1152 605 1156 629 '

104 705 1044 809 junctaodiorepugnare.Itarecteconcluderes.Non

106 805 185 876 odit
194 803 254 875 ille
268 804 412 894 Deum,
458 802 495 874 ui
506 803 598 901 saepe
613 797 818 898 sacrificium
829 831 909 875 oum
918 799 1044 905 mugno

108 901 252 1002 pietatis
269 927 375 972 sensu
398 829 523 971 otierre
545 901 749 985 consuevit,
798 901 835 972 ui
854 927 971 999 preces
992 930 1045 974 ns*

111 1001 232 1071 siduas
259 995 405 1088 fundit,
435 1023 541 1097 quem
570 993 756 1069 uberrimis
772 928 948 1098 iacrymis
973 998 1046 1094 ,sibi

108 1097 302 1196 propitium
324 1095 465 1186 reddit,
488 1121 595 1196 quem
615 1111 656 1166 ut
679 1095 739 1167 alii
755 1096 869 1169 colant
885 1125 924 1169 ac
942 1125 1046 1170 vene·

111 1211 257 1286 rentur,
281 1195 375 1265 omni
399 1193 572 1264 studione
594 1191 776 1293 diligentie
800 1197 990 1267 contendit.
1015 1195 1050 1265 Ε·

111 1291 421 1386 contrarietatem
437 1321 445 1360 ε
473 1289 510 1361 Si
523 1317 579 1361 me
599 1317 719 1386 amas,
740 1317 803 1362 cur
819 1319 876 1364 me
893 1291 1046 1365 verberi·

109 1391 178 1462 bus
198 1389 350 1487 excipis?
371 1415 434 1482 cur
453 1387 671 1459 criminaris?
694 1415 760 1462 cur
782 1391 942 1463 conviciis
961 1417 1045 1462 one-

112 1486 193 1560 rasi
218 1489 280 1558 cur
299 1501 340 1558 ut
364 1484 547 1558 inimicum
573 1485 768 1558 aversaris?
793 1513 854 1559 cur
873 1487 1048 1587 jacentem

113 1586 247 1685 erigere
267 1583 416 1658 abnuis?
497 1593 501 1600 '

1 1767 2 1774 ἵ
163 1683 266 1754 Alter
284 1681 407 1753 modus
427 1697 480 1752 est
491 1735 502 1774 ,
522 1683 551 1752 si
567 1681 851 1754 antecedentibus
870 1709 909 1754 ac
929 1709 1047 1762 conse-

1 1795 2 1800 ’
116 1779 306 1882 quentibus
322 1779 488 1878 adjeceris
504 1779 709 1878 particulam
730 1807 814 1852 non.
835 1781 938 1851 Tunc
955 1782 1049 1852 enim

115 1895 364 1980 argumentum
381 1874 486 1948 facies
503 1881 524 1949 ti
540 1877 853 1978 Repugnantibus,
877 1907 912 1950 v.
935 1905 970 1979 g.-
991 1875 1054 1949 Sol'

115 1993 213 2048 ortus
235 1991 309 2068 est,
335 2001 416 2075 ergo
434 1975 506 2044 dies
531 1992 606 2068 est3
628 1977 718 2048 adde
736 1976 944 2074 particulam
962 2001 1061 2052 non..

115 2075 200 2147 Non
225 2073 276 2144 sol
294 2087 389 2144 ortus
414 2089 487 2164 est,
514 2099 595 2173 crgo
617 2102 686 2144 non
708 2089 760 2146 est
779 2074 865 2168 dics.

166 2169 468 2269 Habes'cxemple
495 2171 589 2269 apud
613 2172 814 2244 Ciceronem
835 2173 937 2270 Repu
962 2197 1050 2244 nan-

116 2270 210 2341 tium
234 2268 397 2370 plurima.
425 2269 492 2338 Pro
523 2267 636 2340 Coelio
658 2297 696 2342 n.
726 2273 762 2341 5.
792 2267 855 2340 ubi
879 2198 1003 2368 prodat
1031 2271 1053 2340 d

116 2367 413 2468 Repugnantibus
447 2363 533 2436 falso
568 2363 745 2462 objectum
777 2362 882 2446 fuisse
916 2366 1050 2456 Coelio,

118 2466 217 2567 quod
230 2464 324 2563 apud
335 2491 413 2537 suos
427 2461 593 2563 probatus
605 2491 672 2532 non
684 2461 817 2534 fitisset.
826 2465 941 2550 Nam,
952 2459 1059 2566 qnod

61 2625 62 2630 ,
118 2563 328 2666 objectum,
348 2582 407 2636 est
425 2559 688 2662 Municipibns
716 2588 800 2635 esse
830 2561 1051 2634 adolescen-

119 2682 197 2736 tem
210 2689 283 2734 non
290 2661 494 2762 probatum
510 2663 589 2732 suis
603 2689 615 2732 .·
631 2664 771 2732 nemini
783 2687 832 2732 nn
859 2685 1052 2763 nampne-

119 2763 220 2833 senti
238 2759 440 2834 Puteohni
457 2761 619 2859 majores
638 2757 796 2832 honores
819 2688 1053 2844 Zabuemnt,

121 2885 237 2962 quam
263 2857 412 2929 absenti
426 2859 489 2928 M.
509 2857 623 2928 Coelio
633 2887 649 2945 ,·
674 2883 785 2958 quem
806 2876 847 2928 et
863 2855 1056 2928 absentem

121 2961 162 3028 in
189 2953 460 3057 amplissimum
489 2954 657 3026 ordinem
685 2973 928 3056 cooptarunt,
952 2975 993 3025 et
1008 2978 1057 3023 ea

122 3083 195 3127 non
203 3058 354 3156 petenti
371 3052 588 3125 detulerant
596 3105 611 3138 ,
637 3077 721 3154 qnoe
744 3053 872 3122 maltis
885 3053 1057 3151 petenti-

125 3151 194 3225 bus
218 3151 453 3250 denegarunt
478 3182 489 3221 .·
517 3151 709 3251 iidemque
725 3175 823 3220 nnnc
838 3147 1059 3218 lectissimos

122 3255 227 3324 virus
254 3267 297 3322 et
315 3251 430 3319 nostri
457 3247 598 3319 ordinis
626 3266 668 3318 et
683 3249 843 3346 Equites
869 3245 1060 3316 Romanos

123 3369 210 3419 cunt
225 3339 417 3448 legatione
427 3344 487 3414 ad
495 3343 763 3440 hocjndicinrn
775 3391 790 3429 ,
811 3368 896 3420 cnm
911 3345 1058 3444 gravis·

123 3449 227 3518 simei
240 3465 356 3547 atque
371 3471 394 3516 o
464 3439 612 3514 tissintd
628 3437 848 3513 laudatione
866 3445 1057 3514 miserant.

176 3545 224 3612 Et
248 3573 317 3643 pro
336 3542 432 3644 Sylt
457 3569 493 3610 n.
512 3536 570 3610 83.
591 3539 750 3638 probate
767 3539 871 3638 Repu
921 3539 1060 3611 antibus

127 3663 214 3709 eum
230 3641 362 3712 nullam
375 3636 538 3712 habuisse
551 3638 589 3708 in
607 3637 843 3736 conjuratione
886 3635 1062 3712 arilinarit

128 3750 282 3836 parbem.
306 3739 387 3810 Sed
402 3738 500 3838 qnid
509 3740 527 3812 ,²
547 3739 630 3836 Ego
638 3791 653 3824 ,
675 3741 741 3838 qni
765 3736 968 3809 Catilinam
990 3759 1063 3810 non
