<?xml version="1.0" encoding="UTF-8"?>
<!DOCTYPE html PUBLIC "-//W3C//DTD XHTML 1.0 Transitional//EN"
    "http://www.w3.org/TR/xhtml1/DTD/xhtml1-transitional.dtd">
<html xmlns="http://www.w3.org/1999/xhtml" xml:lang="en" lang="en">
 <head>
  <title>
</title>
<meta http-equiv="Content-Type" content="text/html;charset=utf-8" />
  <meta name='ocr-system' content='tesseract 3.04.00' />
  <meta name='ocr-capabilities' content='ocr_page ocr_carea ocr_par ocr_line ocrx_word'/>
</head>
<body>
  <div class='ocr_page' id='page_1' title='image "./bibliothecarhet01jaygoog/bibliothecarhet01jaygoog_0431.png"; bbox 0 0 2756 4414; ppageno 0'>
   <div class='ocr_carea' id='block_1_1' title="bbox 731 51 743 102">
    <p class='ocr_par' dir='ltr' id='par_1_1' title="bbox 731 51 743 102">
     <span class='ocr_line' id='line_1_1' title="bbox 731 51 743 102; baseline 0 0"><span class='ocrx_word' id='word_1_1' title='bbox 731 51 743 102; x_wconf 82' lang='lat'>&gt;</span> 
     </span>
    </p>
   </div>
   <div class='ocr_carea' id='block_1_2' title="bbox 330 177 1070 271">
    <p class='ocr_par' dir='ltr' id='par_1_2' title="bbox 330 177 1070 271">
     <span class='ocr_line' id='line_1_2' title="bbox 330 177 1070 271; baseline 0.003 -21"><span class='ocrx_word' id='word_1_2' title='bbox 330 203 502 250; x_wconf 75' lang='lat' dir='ltr'><strong>arnna</strong></span> <span class='ocrx_word' id='word_1_3' title='bbox 550 201 856 250; x_wconf 78' lang='lat' dir='ltr'><strong>sscuuous.</strong></span> <span class='ocrx_word' id='word_1_4' title='bbox 977 177 1070 271; x_wconf 67' lang='lat'><strong>&#39;433</strong></span> 
     </span>
    </p>
   </div>
   <div class='ocr_carea' id='block_1_3' title="bbox 131 297 1181 1180">
    <p class='ocr_par' dir='ltr' id='par_1_3' title="bbox 131 297 1181 1180">
     <span class='ocr_line' id='line_1_3' title="bbox 131 297 1071 402; baseline 0.002 -30"><span class='ocrx_word' id='word_1_5' title='bbox 131 300 234 372; x_wconf 85' lang='lat' dir='ltr'><strong>uibus</strong></span> <span class='ocrx_word' id='word_1_6' title='bbox 245 351 257 393; x_wconf 94' lang='lat'><strong>,</strong></span> <span class='ocrx_word' id='word_1_7' title='bbox 276 316 313 372; x_wconf 91' lang='lat' dir='ltr'><strong>et</strong></span> <span class='ocrx_word' id='word_1_8' title='bbox 340 303 427 372; x_wconf 71' lang='lat' dir='ltr'><strong>aurai</strong></span> <span class='ocrx_word' id='word_1_9' title='bbox 446 297 608 372; x_wconf 83' lang='lat' dir='ltr'><strong>liberiore</strong></span> <span class='ocrx_word' id='word_1_10' title='bbox 631 299 705 399; x_wconf 80' lang='lat' dir='ltr'><strong>jam</strong></span> <span class='ocrx_word' id='word_1_11' title='bbox 722 300 934 399; x_wconf 79' lang='lat' dir='ltr'><strong>gaudentem</strong></span> <span class='ocrx_word' id='word_1_12' title='bbox 961 328 1071 402; x_wconf 89' lang='lat' dir='ltr'><strong>appe-</strong></span> 
     </span>
     <span class='ocr_line' id='line_1_4' title="bbox 131 396 1069 498; baseline 0.002 -30"><span class='ocrx_word' id='word_1_13' title='bbox 131 397 247 470; x_wconf 87' lang='lat' dir='ltr'><strong>tiistis.</strong></span> <span class='ocrx_word' id='word_1_14' title='bbox 271 399 346 498; x_wconf 80' lang='lat' dir='ltr'><strong>Ego</strong></span> <span class='ocrx_word' id='word_1_15' title='bbox 364 397 614 498; x_wconf 76' lang='lat' dir='ltr'><strong>perditissimos</strong></span> <span class='ocrx_word' id='word_1_16' title='bbox 627 397 934 490; x_wconf 87' lang='lat' dir='ltr'><strong>Adolescentulos‚</strong></span> <span class='ocrx_word' id='word_1_17' title='bbox 947 396 1069 472; x_wconf 84' lang='lat' dir='ltr'><strong>funes-</strong></span> 
     </span>
     <span class='ocr_line' id='line_1_5' title="bbox 132 495 1073 593; baseline 0.002 -27"><span class='ocrx_word' id='word_1_18' title='bbox 132 495 304 566; x_wconf 85' lang='lat' dir='ltr'><strong>tissimam</strong></span> <span class='ocrx_word' id='word_1_19' title='bbox 315 497 516 569; x_wconf 85' lang='lat' dir='ltr'><strong>Juventutis</strong></span> <span class='ocrx_word' id='word_1_20' title='bbox 532 513 659 566; x_wconf 85' lang='lat' dir='ltr'><strong>nostrae</strong></span> <span class='ocrx_word' id='word_1_21' title='bbox 672 495 903 593; x_wconf 83' lang='lat' dir='ltr'><strong>corruptelam</strong></span> <span class='ocrx_word' id='word_1_22' title='bbox 918 548 930 587; x_wconf 95' lang='lat'><strong>,</strong></span> <span class='ocrx_word' id='word_1_23' title='bbox 952 495 1073 568; x_wconf 88' lang='lat' dir='ltr'><strong>libidi-</strong></span> 
     </span>
     <span class='ocr_line' id='line_1_6' title="bbox 133 591 1071 706; baseline 0.002 -42"><span class='ocrx_word' id='word_1_24' title='bbox 133 594 187 664; x_wconf 88' lang='lat' dir='ltr'><strong>nis</strong></span> <span class='ocrx_word' id='word_1_25' title='bbox 196 646 207 684; x_wconf 94' lang='lat'><strong>,</strong></span> <span class='ocrx_word' id='word_1_26' title='bbox 225 593 472 692; x_wconf 69' lang='lat' dir='ltr'><strong>impudicitiae,</strong></span> <span class='ocrx_word' id='word_1_27' title='bbox 487 591 611 666; x_wconf 84' lang='lat' dir='ltr'><strong>furoris</strong></span> <span class='ocrx_word' id='word_1_28' title='bbox 627 593 727 691; x_wconf 92' lang='lat' dir='ltr'><strong>impii</strong></span> <span class='ocrx_word' id='word_1_29' title='bbox 739 591 831 664; x_wconf 81' lang='lat' dir='ltr'><strong>faces</strong></span> <span class='ocrx_word' id='word_1_30' title='bbox 848 593 1071 706; x_wconf 83' lang='lat' dir='ltr'><strong>expuleram,</strong></span> 
     </span>
     <span class='ocr_line' id='line_1_7' title="bbox 133 689 1074 786; baseline 0.002 -26"><span class='ocrx_word' id='word_1_31' title='bbox 133 689 328 786; x_wconf 81' lang='lat' dir='ltr'><strong>ejeceram,</strong></span> <span class='ocrx_word' id='word_1_32' title='bbox 353 690 691 784; x_wconf 67' lang='lat' dir='ltr'><strong>exterminantium,</strong></span> <span class='ocrx_word' id='word_1_33' title='bbox 715 717 776 762; x_wconf 78' lang='lat' dir='ltr'><strong>vos</strong></span> <span class='ocrx_word' id='word_1_34' title='bbox 800 707 909 762; x_wconf 85' lang='lat' dir='ltr'><strong>tutan</strong></span> <span class='ocrx_word' id='word_1_35' title='bbox 933 693 1074 763; x_wconf 88' lang='lat' dir='ltr'><strong>eosdem</strong></span> 
     </span>
     <span class='ocr_line' id='line_1_8' title="bbox 136 784 1139 888; baseline 0.003 -31"><span class='ocrx_word' id='word_1_36' title='bbox 136 788 302 879; x_wconf 90' lang='lat' dir='ltr'><strong>consilio,</strong></span> <span class='ocrx_word' id='word_1_37' title='bbox 328 787 498 886; x_wconf 86' lang='lat' dir='ltr'><strong>adjuvare</strong></span> <span class='ocrx_word' id='word_1_38' title='bbox 528 787 674 887; x_wconf 89' lang='lat' dir='ltr'><strong>opibus,</strong></span> <span class='ocrx_word' id='word_1_39' title='bbox 706 784 856 860; x_wconf 73' lang='lat' dir='ltr'><strong>conflata</strong></span> <span class='ocrx_word' id='word_1_40' title='bbox 887 789 1010 888; x_wconf 79' lang='lat' dir='ltr'><strong>patriae</strong></span> <span class='ocrx_word' id='word_1_41' title='bbox 1036 790 1076 860; x_wconf 91' lang='lat' dir='ltr'><strong>iu</strong></span> <span class='ocrx_word' id='word_1_42' title='bbox 1138 829 1139 841; x_wconf 39' lang='grc' dir='ltr'>ι</span> 
     </span>
     <span class='ocr_line' id='line_1_9' title="bbox 132 883 1077 984; baseline 0.003 -30"><span class='ocrx_word' id='word_1_43' title='bbox 132 885 326 984; x_wconf 84' lang='lat' dir='ltr'><strong>perniciem</strong></span> <span class='ocrx_word' id='word_1_44' title='bbox 342 883 579 984; x_wconf 84' lang='lat' dir='ltr'><strong>conjuratione</strong></span> <span class='ocrx_word' id='word_1_45' title='bbox 594 885 806 984; x_wconf 86' lang='lat' dir='ltr'><strong>postliminio</strong></span> <span class='ocrx_word' id='word_1_46' title='bbox 822 913 985 958; x_wconf 85' lang='lat' dir='ltr'><strong>revocare</strong></span> <span class='ocrx_word' id='word_1_47' title='bbox 1006 914 1077 957; x_wconf 92' lang='lat' dir='ltr'><strong>non</strong></span> 
     </span>
     <span class='ocr_line' id='line_1_10' title="bbox 134 982 1181 1084; baseline 0.003 -32"><span class='ocrx_word' id='word_1_48' title='bbox 134 982 338 1056; x_wconf 82' lang='lat' dir='ltr'><strong>erubuistis.</strong></span> <span class='ocrx_word' id='word_1_49' title='bbox 352 985 426 1082; x_wconf 88' lang='lat' dir='ltr'><strong>Ego</strong></span> <span class='ocrx_word' id='word_1_50' title='bbox 438 987 511 1056; x_wconf 80' lang='lat' dir='ltr'><strong>und</strong></span> <span class='ocrx_word' id='word_1_51' title='bbox 522 1011 603 1054; x_wconf 91' lang='lat' dir='ltr'><strong>cum</strong></span> <span class='ocrx_word' id='word_1_52' title='bbox 612 983 720 1084; x_wconf 81' lang='lat' dir='ltr'><strong>Regis</strong></span> <span class='ocrx_word' id='word_1_53' title='bbox 736 987 878 1055; x_wconf 90' lang='lat' dir='ltr'><strong>nomine</strong></span> <span class='ocrx_word' id='word_1_54' title='bbox 891 985 1077 1055; x_wconf 87' lang='lat' dir='ltr'><strong>dominan-</strong></span> <span class='ocrx_word' id='word_1_55' title='bbox 1170 1037 1181 1054; x_wconf 68' lang='lat'><em>‚</em></span> 
     </span>
     <span class='ocr_line' id='line_1_11' title="bbox 135 1079 1078 1180; baseline 0.002 -30"><span class='ocrx_word' id='word_1_56' title='bbox 135 1095 208 1150; x_wconf 87' lang='lat' dir='ltr'><strong>tem</strong></span> <span class='ocrx_word' id='word_1_57' title='bbox 227 1079 303 1180; x_wconf 87' lang='lat' dir='ltr'><strong>jam</strong></span> <span class='ocrx_word' id='word_1_58' title='bbox 322 1081 384 1152; x_wconf 78' lang='lat' dir='ltr'><strong>diu</strong></span> <span class='ocrx_word' id='word_1_59' title='bbox 401 1081 440 1152; x_wconf 91' lang='lat' dir='ltr'><strong>in</strong></span> <span class='ocrx_word' id='word_1_60' title='bbox 451 1081 517 1152; x_wconf 88' lang='lat' dir='ltr'><strong>hac</strong></span> <span class='ocrx_word' id='word_1_61' title='bbox 534 1081 674 1154; x_wconf 84' lang='lat' dir='ltr'><strong>civitate</strong></span> <span class='ocrx_word' id='word_1_62' title='bbox 695 1080 918 1180; x_wconf 84' lang='lat' dir='ltr'><strong>tyrannidem</strong></span> <span class='ocrx_word' id='word_1_63' title='bbox 930 1080 1078 1154; x_wconf 86' lang='lat' dir='ltr'><strong>videbar</strong></span> 
     </span>
    </p>
   </div>
   <div class='ocr_carea' id='block_1_4' title="bbox 12 1177 1076 1291">
    <p class='ocr_par' dir='ltr' id='par_1_4' title="bbox 12 1177 1076 1291">
     <span class='ocr_line' id='line_1_12' title="bbox 12 1177 1076 1291; baseline 0 -43"><span class='ocrx_word' id='word_1_64' title='bbox 12 1227 17 1234; x_wconf 88' lang='lat'><em>-</em></span> <span class='ocrx_word' id='word_1_65' title='bbox 135 1182 307 1249; x_wconf 77' lang='lat' dir='ltr'><strong>aeternnm</strong></span> <span class='ocrx_word' id='word_1_66' title='bbox 328 1179 593 1289; x_wconf 37' lang='lat' dir='ltr'><strong>proscripsisse-3</strong></span> <span class='ocrx_word' id='word_1_67' title='bbox 618 1207 679 1251; x_wconf 81' lang='lat' dir='ltr'><strong>vos</strong></span> <span class='ocrx_word' id='word_1_68' title='bbox 701 1177 850 1291; x_wconf 86' lang='lat' dir='ltr'><strong>publicae</strong></span> <span class='ocrx_word' id='word_1_69' title='bbox 872 1178 1076 1279; x_wconf 87' lang='lat' dir='ltr'><strong>tranquilli-</strong></span> 
     </span>
    </p>
   </div>
   <div class='ocr_carea' id='block_1_5' title="bbox 22 1275 1216 2252">
    <p class='ocr_par' dir='ltr' id='par_1_5' title="bbox 57 1275 1184 1544">
     <span class='ocr_line' id='line_1_13' title="bbox 135 1275 1184 1378; baseline 0.007 -33"><span class='ocrx_word' id='word_1_70' title='bbox 135 1275 218 1346; x_wconf 80' lang='lat' dir='ltr'><strong>tatis</strong></span> <span class='ocrx_word' id='word_1_71' title='bbox 243 1302 379 1366; x_wconf 86' lang='lat' dir='ltr'><strong>osores,</strong></span> <span class='ocrx_word' id='word_1_72' title='bbox 403 1275 599 1376; x_wconf 87' lang='lat' dir='ltr'><strong>Tarqmmo</strong></span> <span class='ocrx_word' id='word_1_73' title='bbox 622 1303 751 1348; x_wconf 81' lang='lat' dir='ltr'><strong>servire</strong></span> <span class='ocrx_word' id='word_1_74' title='bbox 767 1275 942 1376; x_wconf 87' lang='lat' dir='ltr'><strong>turpiter,</strong></span> <span class='ocrx_word' id='word_1_75' title='bbox 969 1280 1080 1378; x_wconf 76' lang='lat' dir='ltr'><strong>qudm</strong></span> <span class='ocrx_word' id='word_1_76' title='bbox 1119 1299 1123 1312; x_wconf 78' lang='lat'><strong>·</strong></span> <span class='ocrx_word' id='word_1_77' title='bbox 1181 1293 1184 1301; x_wconf 87' lang='lat'>&#39;</span> 
     </span>
     <span class='ocr_line' id='line_1_14' title="bbox 135 1369 1079 1474; baseline 0.005 -33"><span class='ocrx_word' id='word_1_78' title='bbox 135 1376 238 1472; x_wconf 66' lang='lat' dir='ltr'><strong>parta</strong></span> <span class='ocrx_word' id='word_1_79' title='bbox 249 1369 319 1442; x_wconf 82' lang='lat' dir='ltr'><strong>frui</strong></span> <span class='ocrx_word' id='word_1_80' title='bbox 334 1371 497 1444; x_wconf 82' lang='lat' dir='ltr'><strong>libertate</strong></span> <span class='ocrx_word' id='word_1_81' title='bbox 513 1373 697 1445; x_wconf 89' lang='lat' dir='ltr'><strong>maluistis.</strong></span> <span class='ocrx_word' id='word_1_82' title='bbox 713 1373 879 1474; x_wconf 83' lang='lat' dir='ltr'><strong>Odignos</strong></span> <span class='ocrx_word' id='word_1_83' title='bbox 896 1376 1004 1446; x_wconf 85' lang='lat' dir='ltr'><strong>Bruto</strong></span> <span class='ocrx_word' id='word_1_84' title='bbox 1015 1397 1079 1472; x_wconf 85' lang='lat' dir='ltr'><strong>pa-</strong></span> 
     </span>
     <span class='ocr_line' id='line_1_15' title="bbox 57 1466 1081 1544; baseline 0.002 -2"><span class='ocrx_word' id='word_1_85' title='bbox 57 1472 60 1484; x_wconf 79' lang='grc'><strong>“</strong></span> <span class='ocrx_word' id='word_1_86' title='bbox 137 1485 237 1542; x_wconf 85' lang='lat' dir='ltr'><strong>rente</strong></span> <span class='ocrx_word' id='word_1_87' title='bbox 262 1466 370 1540; x_wconf 85' lang='lat' dir='ltr'><strong>filios!</strong></span> <span class='ocrx_word' id='word_1_88' title='bbox 398 1476 418 1540; x_wconf 81' lang='lat' dir='ltr'><strong>d</strong></span> <span class='ocrx_word' id='word_1_89' title='bbox 448 1469 619 1540; x_wconf 84' lang='lat' dir='ltr'><strong>studiosos</strong></span> <span class='ocrx_word' id='word_1_90' title='bbox 675 1487 878 1543; x_wconf 88' lang='lat' dir='ltr'><strong>aternarum</strong></span> <span class='ocrx_word' id='word_1_91' title='bbox 904 1471 1081 1544; x_wconf 88' lang='lat' dir='ltr'><strong>virtutum</strong></span> 
     </span>
    </p>

    <p class='ocr_par' dir='ltr' id='par_1_6' title="bbox 138 1499 1081 1668">
     <span class='ocr_line' id='line_1_16' title="bbox 138 1499 1081 1668; baseline 0.004 -32"><span class='ocrx_word' id='word_1_92' title='bbox 138 1565 384 1640; x_wconf 84' lang='lat' dir='ltr'><strong>aemulatores!</strong></span> <span class='ocrx_word' id='word_1_93' title='bbox 409 1561 516 1637; x_wconf 85' lang='lat' dir='ltr'><strong>Tales</strong></span> <span class='ocrx_word' id='word_1_94' title='bbox 537 1593 601 1668; x_wconf 80' lang='lat' dir='ltr'><strong>ego</strong></span> <span class='ocrx_word' id='word_1_95' title='bbox 622 1499 709 1640; x_wconf 62' lang='lat' dir='ltr'><strong>filos</strong></span> <span class='ocrx_word' id='word_1_96' title='bbox 728 1596 798 1642; x_wconf 89' lang='lat' dir='ltr'><strong>non</strong></span> <span class='ocrx_word' id='word_1_97' title='bbox 814 1567 990 1660; x_wconf 88' lang='lat' dir='ltr'><strong>abnuam,</strong></span> <span class='ocrx_word' id='word_1_98' title='bbox 1009 1595 1081 1656; x_wconf 86' lang='lat' dir='ltr'><strong>nou</strong></span> 
     </span>
    </p>

    <p class='ocr_par' dir='ltr' id='par_1_7' title="bbox 22 1662 1216 2252">
     <span class='ocr_line' id='line_1_17' title="bbox 82 1662 1080 1767; baseline 0.002 -33"><span class='ocrx_word' id='word_1_99' title='bbox 82 1747 87 1756; x_wconf 86' lang='lat'><em>.</em></span> <span class='ocrx_word' id='word_1_100' title='bbox 137 1662 274 1760; x_wconf 87' lang='lat' dir='ltr'><strong>ejurem</strong></span> <span class='ocrx_word' id='word_1_101' title='bbox 285 1717 297 1756; x_wconf 93' lang='lat'><strong>,</strong></span> <span class='ocrx_word' id='word_1_102' title='bbox 317 1691 389 1736; x_wconf 92' lang='lat' dir='ltr'><strong>non</strong></span> <span class='ocrx_word' id='word_1_103' title='bbox 418 1662 625 1756; x_wconf 87' lang='lat' dir='ltr'><strong>abominer,</strong></span> <span class='ocrx_word' id='word_1_104' title='bbox 652 1668 715 1767; x_wconf 89' lang='lat' dir='ltr'><strong>qui</strong></span> <span class='ocrx_word' id='word_1_105' title='bbox 749 1666 997 1738; x_wconf 87' lang='lat' dir='ltr'><strong>sceleratorum</strong></span> <span class='ocrx_word' id='word_1_106' title='bbox 1028 1667 1080 1737; x_wconf 84' lang='lat' dir='ltr'><strong>oi-</strong></span> 
     </span>
     <span class='ocr_line' id='line_1_18' title="bbox 22 1759 1081 1863; baseline 0.003 -32"><span class='ocrx_word' id='word_1_107' title='bbox 22 1791 26 1800; x_wconf 76' lang='grc'><strong><em>’</em></strong></span> <span class='ocrx_word' id='word_1_108' title='bbox 137 1759 236 1832; x_wconf 75' lang='lat' dir='ltr'><strong>vium</strong></span> <span class='ocrx_word' id='word_1_109' title='bbox 258 1761 374 1833; x_wconf 89' lang='lat' dir='ltr'><strong>studia</strong></span> <span class='ocrx_word' id='word_1_110' title='bbox 386 1761 507 1832; x_wconf 89' lang='lat' dir='ltr'><strong>-amori</strong></span> <span class='ocrx_word' id='word_1_111' title='bbox 527 1763 640 1861; x_wconf 85' lang='lat' dir='ltr'><strong>patrio</strong></span> <span class='ocrx_word' id='word_1_112' title='bbox 652 1815 664 1855; x_wconf 94' lang='lat'><strong>,</strong></span> <span class='ocrx_word' id='word_1_113' title='bbox 691 1765 961 1863; x_wconf 88' lang='lat' dir='ltr'><strong>proscriptorum</strong></span> <span class='ocrx_word' id='word_1_114' title='bbox 984 1791 1081 1834; x_wconf 87' lang='lat' dir='ltr'><strong>oom-</strong></span> 
     </span>
     <span class='ocr_line' id='line_1_19' title="bbox 138 1857 1081 1960; baseline 0.003 -32"><span class='ocrx_word' id='word_1_115' title='bbox 138 1857 242 1928; x_wconf 89' lang='lat' dir='ltr'><strong>moda</strong></span> <span class='ocrx_word' id='word_1_116' title='bbox 257 1858 344 1931; x_wconf 88' lang='lat' dir='ltr'><strong>meis</strong></span> <span class='ocrx_word' id='word_1_117' title='bbox 364 1859 550 1960; x_wconf 87' lang='lat' dir='ltr'><strong>periculis,</strong></span> <span class='ocrx_word' id='word_1_118' title='bbox 568 1860 714 1932; x_wconf 84' lang='lat' dir='ltr'><strong>exulum</strong></span> <span class='ocrx_word' id='word_1_119' title='bbox 727 1861 1004 1932; x_wconf 88' lang='lat' dir='ltr'><strong>incolumitatem</strong></span> <span class='ocrx_word' id='word_1_120' title='bbox 1016 1888 1081 1960; x_wconf 89' lang='lat' dir='ltr'><strong>pa-</strong></span> 
     </span>
     <span class='ocr_line' id='line_1_20' title="bbox 138 1955 1216 2058; baseline 0.007 -32"><span class='ocrx_word' id='word_1_121' title='bbox 138 1969 238 2026; x_wconf 91' lang='lat' dir='ltr'><strong>terno</strong></span> <span class='ocrx_word' id='word_1_122' title='bbox 259 1955 364 2056; x_wconf 88' lang='lat' dir='ltr'><strong>capiti</strong></span> <span class='ocrx_word' id='word_1_123' title='bbox 390 1959 684 2058; x_wconf 64' lang='lat' dir='ltr'><strong>praeposuerunt?</strong></span> <span class='ocrx_word' id='word_1_124' title='bbox 711 1957 807 2029; x_wconf 90' lang='lat' dir='ltr'><strong>Nam</strong></span> <span class='ocrx_word' id='word_1_125' title='bbox 866 1965 911 2030; x_wconf 84' lang='lat' dir='ltr'><strong>ub</strong></span> <span class='ocrx_word' id='word_1_126' title='bbox 936 1959 1083 2031; x_wconf 87' lang='lat' dir='ltr'><strong>tandem</strong></span> <span class='ocrx_word' id='word_1_127' title='bbox 1145 2023 1149 2032; x_wconf 92' lang='lat'>.</span> <span class='ocrx_word' id='word_1_128' title='bbox 1211 2013 1216 2034; x_wconf 80' lang='lat'><em>.</em></span> 
     </span>
     <span class='ocr_line' id='line_1_21' title="bbox 137 1987 1084 2156; baseline 0.005 -35"><span class='ocrx_word' id='word_1_129' title='bbox 137 2053 297 2123; x_wconf 84' lang='lat' dir='ltr'><strong>cessisset</strong></span> <span class='ocrx_word' id='word_1_130' title='bbox 323 2055 452 2146; x_wconf 88' lang='lat' dir='ltr'><strong>Pater,</strong></span> <span class='ocrx_word' id='word_1_131' title='bbox 488 2057 715 2156; x_wconf 84' lang='lat' dir='ltr'><strong>Degeneres,</strong></span> <span class='ocrx_word' id='word_1_132' title='bbox 751 2056 780 2126; x_wconf 91' lang='lat' dir='ltr'><strong>si</strong></span> <span class='ocrx_word' id='word_1_133' title='bbox 811 1987 968 2128; x_wconf 56' lang='lat' dir='ltr'><strong>redditus</strong></span> <span class='ocrx_word' id='word_1_134' title='bbox 1000 2055 1084 2130; x_wconf 87' lang='lat' dir='ltr'><strong>huic</strong></span> 
     </span>
     <span class='ocr_line' id='line_1_22' title="bbox 140 2148 1083 2252; baseline 0.004 -32"><span class='ocrx_word' id='word_1_135' title='bbox 140 2148 221 2220; x_wconf 89' lang='lat' dir='ltr'><strong>urbi</strong></span> <span class='ocrx_word' id='word_1_136' title='bbox 242 2151 458 2250; x_wconf 89' lang='lat' dir='ltr'><strong>Tarquinius</strong></span> <span class='ocrx_word' id='word_1_137' title='bbox 500 2179 539 2224; x_wconf 90' lang='lat' dir='ltr'><strong>er</strong></span> <span class='ocrx_word' id='word_1_138' title='bbox 562 2181 623 2224; x_wconf 91' lang='lat' dir='ltr'><strong>vos</strong></span> <span class='ocrx_word' id='word_1_139' title='bbox 643 2152 791 2224; x_wconf 69' lang='lat' dir='ltr'><strong>l&#39;uisseti</strong></span> <span class='ocrx_word' id='word_1_140' title='bbox 810 2156 902 2244; x_wconf 83' lang='lat' dir='ltr'><strong>Quae</strong></span> <span class='ocrx_word' id='word_1_141' title='bbox 922 2181 1000 2252; x_wconf 86' lang='lat' dir='ltr'><strong>spes</strong></span> <span class='ocrx_word' id='word_1_142' title='bbox 1018 2155 1083 2224; x_wconf 80' lang='lat' dir='ltr'><strong>de-</strong></span> 
     </span>
    </p>
   </div>
   <div class='ocr_carea' id='block_1_6' title="bbox 16 2247 1085 2360">
    <p class='ocr_par' dir='ltr' id='par_1_8' title="bbox 16 2247 1085 2360">
     <span class='ocr_line' id='line_1_23' title="bbox 16 2247 1085 2360; baseline 0.002 -40"><span class='ocrx_word' id='word_1_143' title='bbox 16 2327 25 2342; x_wconf 46' lang='lat'><strong>,</strong></span> <span class='ocrx_word' id='word_1_144' title='bbox 141 2247 383 2320; x_wconf 75' lang='lat' dir='ltr'><strong>solatis‘rebus</strong></span> <span class='ocrx_word' id='word_1_145' title='bbox 402 2263 438 2318; x_wconf 91' lang='lat' dir='ltr'><strong>et</strong></span> <span class='ocrx_word' id='word_1_146' title='bbox 519 2250 594 2318; x_wconf 84' lang='lat' dir='ltr'><strong>&#39;ctae</strong></span> <span class='ocrx_word' id='word_1_147' title='bbox 617 2249 723 2320; x_wconf 88' lang='lat' dir='ltr'><strong>saluti</strong></span> <span class='ocrx_word' id='word_1_148' title='bbox 749 2265 967 2360; x_wconf 86' lang='lat' dir='ltr'><strong>superesset,</strong></span> <span class='ocrx_word' id='word_1_149' title='bbox 987 2251 1017 2319; x_wconf 86' lang='lat' dir='ltr'><strong>si</strong></span> <span class='ocrx_word' id='word_1_150' title='bbox 1034 2247 1085 2322; x_wconf 84' lang='lat' dir='ltr'><strong>fe-</strong></span> 
     </span>
    </p>
   </div>
   <div class='ocr_carea' id='block_1_7' title="bbox 36 2929 193 3000">
    <p class='ocr_par' dir='ltr' id='par_1_9' title="bbox 36 2929 193 3000">
     <span class='ocr_line' id='line_1_24' title="bbox 36 2929 193 3000; baseline 0.013 -2"><span class='ocrx_word' id='word_1_151' title='bbox 36 2993 39 2998; x_wconf 90' lang='lat'><em>.</em></span> <span class='ocrx_word' id='word_1_152' title='bbox 144 2929 193 3000; x_wconf 86' lang='lat' dir='ltr'><strong>ali</strong></span> 
     </span>
    </p>
   </div>
   <div class='ocr_carea' id='block_1_8' title="bbox 104 2339 1161 3711">
    <p class='ocr_par' dir='ltr' id='par_1_10' title="bbox 104 2339 1088 2952">
     <span class='ocr_line' id='line_1_25' title="bbox 141 2339 1086 2420; baseline 0 -4"><span class='ocrx_word' id='word_1_153' title='bbox 141 2344 245 2416; x_wconf 91' lang='lat' dir='ltr'><strong>licem</strong></span> <span class='ocrx_word' id='word_1_154' title='bbox 254 2360 372 2420; x_wconf 77' lang='lat' dir='ltr'><strong>vestra</strong></span> <span class='ocrx_word' id='word_1_155' title='bbox 386 2339 527 2416; x_wconf 80' lang='lat' dir='ltr'><strong>consilia</strong></span> <span class='ocrx_word' id='word_1_156' title='bbox 543 2345 678 2416; x_wconf 87' lang='lat' dir='ltr'><strong>exitum</strong></span> <span class='ocrx_word' id='word_1_157' title='bbox 687 2343 920 2416; x_wconf 75' lang='lat' dir='ltr'><strong>habmssent·i</strong></span> <span class='ocrx_word' id='word_1_158' title='bbox 938 2345 1086 2419; x_wconf 85' lang='lat' dir='ltr'><strong>Viveret</strong></span> 
     </span>
     <span class='ocr_line' id='line_1_26' title="bbox 140 2441 1086 2543; baseline 0.001 -31"><span class='ocrx_word' id='word_1_159' title='bbox 140 2441 246 2515; x_wconf 75' lang='lat' dir='ltr'><strong>hodie</strong></span> <span class='ocrx_word' id='word_1_160' title='bbox 270 2441 392 2516; x_wconf 84' lang='lat' dir='ltr'><strong>infelix</strong></span> <span class='ocrx_word' id='word_1_161' title='bbox 417 2443 571 2533; x_wconf 88' lang='lat' dir='ltr'><strong>Brutus,</strong></span> <span class='ocrx_word' id='word_1_162' title='bbox 596 2443 625 2513; x_wconf 91' lang='lat' dir='ltr'><strong>si</strong></span> <span class='ocrx_word' id='word_1_163' title='bbox 639 2469 787 2543; x_wconf 84' lang='lat' dir='ltr'><strong>regnare</strong></span> <span class='ocrx_word' id='word_1_164' title='bbox 809 2446 969 2533; x_wconf 80' lang='lat' dir='ltr'><strong>rursum,</strong></span> <span class='ocrx_word' id='word_1_165' title='bbox 990 2444 1086 2543; x_wconf 86' lang='lat' dir='ltr'><strong>quod</strong></span> 
     </span>
     <span class='ocr_line' id='line_1_27' title="bbox 141 2539 1087 2640; baseline 0 -28"><span class='ocrx_word' id='word_1_166' title='bbox 141 2539 245 2614; x_wconf 88' lang='lat' dir='ltr'><strong>ambo</strong></span> <span class='ocrx_word' id='word_1_167' title='bbox 257 2539 439 2639; x_wconf 74' lang='lat' dir='ltr'><strong>tantopere</strong></span> <span class='ocrx_word' id='word_1_168' title='bbox 450 2539 688 2638; x_wconf 86' lang='lat' dir='ltr'><strong>promovistis,</strong></span> <span class='ocrx_word' id='word_1_169' title='bbox 701 2540 899 2640; x_wconf 88' lang='lat' dir='ltr'><strong>Tarquinio</strong></span> <span class='ocrx_word' id='word_1_170' title='bbox 910 2540 1087 2612; x_wconf 63' lang='lat' dir='ltr'><strong>licuisset?</strong></span> 
     </span>
     <span class='ocr_line' id='line_1_28' title="bbox 104 2637 1087 2750; baseline -0.002 -42"><span class='ocrx_word' id='word_1_171' title='bbox 104 2684 107 2691; x_wconf 89' lang='lat'>-</span> <span class='ocrx_word' id='word_1_172' title='bbox 190 2639 265 2730; x_wconf 87' lang='lat' dir='ltr'><strong>Ite,</strong></span> <span class='ocrx_word' id='word_1_173' title='bbox 283 2640 331 2710; x_wconf 91' lang='lat' dir='ltr'><strong>ite</strong></span> <span class='ocrx_word' id='word_1_174' title='bbox 343 2667 355 2730; x_wconf 79' lang='lat'>3</span> <span class='ocrx_word' id='word_1_175' title='bbox 376 2637 486 2712; x_wconf 90' lang='lat' dir='ltr'><strong>alium</strong></span> <span class='ocrx_word' id='word_1_176' title='bbox 503 2639 673 2739; x_wconf 80' lang='lat' dir='ltr'><strong>quaerite,</strong></span> <span class='ocrx_word' id='word_1_177' title='bbox 701 2639 730 2708; x_wconf 93' lang='lat' dir='ltr'><strong>si</strong></span> <span class='ocrx_word' id='word_1_178' title='bbox 745 2638 915 2750; x_wconf 84' lang='lat' dir='ltr'><strong>potestis,</strong></span> <span class='ocrx_word' id='word_1_179' title='bbox 941 2637 1003 2737; x_wconf 93' lang='lat' dir='ltr'><strong>qui</strong></span> <span class='ocrx_word' id='word_1_180' title='bbox 1025 2665 1087 2710; x_wconf 78' lang='lat' dir='ltr'><strong>vos</strong></span> 
     </span>
     <span class='ocr_line' id='line_1_29' title="bbox 108 2734 1088 2836; baseline -0.001 -28"><span class='ocrx_word' id='word_1_181' title='bbox 108 2737 113 2744; x_wconf 74' lang='grc'>’</span> <span class='ocrx_word' id='word_1_182' title='bbox 141 2734 273 2808; x_wconf 89' lang='lat' dir='ltr'><strong>habere</strong></span> <span class='ocrx_word' id='word_1_183' title='bbox 289 2735 440 2806; x_wconf 88' lang='lat' dir='ltr'><strong>filiorum</strong></span> <span class='ocrx_word' id='word_1_184' title='bbox 463 2737 537 2808; x_wconf 89' lang='lat' dir='ltr'><strong>loco</strong></span> <span class='ocrx_word' id='word_1_185' title='bbox 559 2737 666 2828; x_wconf 82' lang='lat' dir='ltr'><strong>velit,</strong></span> <span class='ocrx_word' id='word_1_186' title='bbox 693 2763 757 2836; x_wconf 81' lang='lat' dir='ltr'><strong>qur</strong></span> <span class='ocrx_word' id='word_1_187' title='bbox 778 2734 979 2832; x_wconf 87' lang='lat' dir='ltr'><strong>compellari</strong></span> <span class='ocrx_word' id='word_1_188' title='bbox 1004 2763 1040 2805; x_wconf 89' lang='lat' dir='ltr'><strong>ee</strong></span> <span class='ocrx_word' id='word_1_189' title='bbox 1065 2741 1088 2807; x_wconf 75' lang='lat' dir='ltr'><strong>d</strong></span> 
     </span>
     <span class='ocr_line' id='line_1_30' title="bbox 142 2831 1087 2952; baseline -0.001 -48"><span class='ocrx_word' id='word_1_190' title='bbox 142 2831 240 2904; x_wconf 86' lang='lat' dir='ltr'><strong>vobis</strong></span> <span class='ocrx_word' id='word_1_191' title='bbox 262 2833 573 2952; x_wconf 47' lang='lat' dir='ltr'><strong>parentiffinomine</strong></span> <span class='ocrx_word' id='word_1_192' title='bbox 589 2834 758 2934; x_wconf 85' lang='lat' dir='ltr'><strong>patiatur.</strong></span> <span class='ocrx_word' id='word_1_193' title='bbox 775 2832 960 2903; x_wconf 83' lang='lat' dir='ltr'><strong>Providete</strong></span> <span class='ocrx_word' id='word_1_194' title='bbox 985 2831 1087 2905; x_wconf 85' lang='lat' dir='ltr'><strong>vobis</strong></span> 
     </span>
    </p>

    <p class='ocr_par' dir='ltr' id='par_1_11' title="bbox 142 2929 1161 3711">
     <span class='ocr_line' id='line_1_31' title="bbox 243 2929 1085 3030; baseline -0.002 -30"><span class='ocrx_word' id='word_1_195' title='bbox 243 2955 321 3020; x_wconf 90' lang='lat' dir='ltr'><strong>em,</strong></span> <span class='ocrx_word' id='word_1_196' title='bbox 374 2957 411 3000; x_wconf 89' lang='grc' dir='ltr'><strong>ιιι</strong></span> <span class='ocrx_word' id='word_1_197' title='bbox 435 2932 543 3001; x_wconf 88' lang='lat' dir='ltr'><strong>tutari</strong></span> <span class='ocrx_word' id='word_1_198' title='bbox 566 2931 741 3019; x_wconf 87' lang='lat' dir='ltr'><strong>rebelles,</strong></span> <span class='ocrx_word' id='word_1_199' title='bbox 768 2929 977 3028; x_wconf 86' lang='lat' dir='ltr'><strong>patrocinari</strong></span> <span class='ocrx_word' id='word_1_200' title='bbox 1002 2957 1085 3030; x_wconf 87' lang='lat' dir='ltr'><strong>per-</strong></span> 
     </span>
     <span class='ocr_line' id='line_1_32' title="bbox 144 2953 1161 3127; baseline -0.001 -31"><span class='ocrx_word' id='word_1_201' title='bbox 144 2957 318 3098; x_wconf 60' lang='lat' dir='ltr'><strong>dobilibus</strong></span> <span class='ocrx_word' id='word_1_202' title='bbox 327 3079 338 3116; x_wconf 92' lang='lat'><strong>,</strong></span> <span class='ocrx_word' id='word_1_203' title='bbox 349 2953 470 3098; x_wconf 75' lang='lat' dir='ltr'><strong>lovere</strong></span> <span class='ocrx_word' id='word_1_204' title='bbox 486 3028 636 3127; x_wconf 90' lang='lat' dir='ltr'><strong>caputin</strong></span> <span class='ocrx_word' id='word_1_205' title='bbox 649 3055 754 3099; x_wconf 89' lang='lat' dir='ltr'><strong>suum</strong></span> <span class='ocrx_word' id='word_1_206' title='bbox 767 3027 961 3126; x_wconf 85' lang='lat' dir='ltr'><strong>conjuratos</strong></span> <span class='ocrx_word' id='word_1_207' title='bbox 981 3027 1089 3095; x_wconf 82' lang='lat' dir='ltr'><strong>susti-</strong></span> <span class='ocrx_word' id='word_1_208' title='bbox 1160 3025 1161 3028; x_wconf 48' lang='lat'>&#39;</span> 
     </span>
     <span class='ocr_line' id='line_1_33' title="bbox 142 3122 1087 3222; baseline -0.003 -27"><span class='ocrx_word' id='word_1_209' title='bbox 142 3140 239 3197; x_wconf 89' lang='lat' dir='ltr'><strong>neat.</strong></span> <span class='ocrx_word' id='word_1_210' title='bbox 267 3124 480 3196; x_wconf 84' lang='lat' dir='ltr'><strong>Scrutamini</strong></span> <span class='ocrx_word' id='word_1_211' title='bbox 503 3125 540 3195; x_wconf 89' lang='lat' dir='ltr'><strong>in</strong></span> <span class='ocrx_word' id='word_1_212' title='bbox 559 3124 623 3197; x_wconf 87' lang='lat' dir='ltr'><strong>hac</strong></span> <span class='ocrx_word' id='word_1_213' title='bbox 644 3125 766 3213; x_wconf 89' lang='lat' dir='ltr'><strong>Urbe,</strong></span> <span class='ocrx_word' id='word_1_214' title='bbox 790 3151 897 3222; x_wconf 89' lang='lat' dir='ltr'><strong>quam</strong></span> <span class='ocrx_word' id='word_1_215' title='bbox 917 3122 1087 3221; x_wconf 82' lang='lat' dir='ltr'><strong>perdere,</strong></span> 
     </span>
     <span class='ocr_line' id='line_1_34' title="bbox 146 3219 1087 3323; baseline -0.004 -29"><span class='ocrx_word' id='word_1_216' title='bbox 146 3249 254 3323; x_wconf 85' lang='lat' dir='ltr'><strong>quam</strong></span> <span class='ocrx_word' id='word_1_217' title='bbox 276 3239 433 3293; x_wconf 79' lang='lat' dir='ltr'><strong>evertere</strong></span> <span class='ocrx_word' id='word_1_218' title='bbox 454 3224 614 3321; x_wconf 76' lang='lat' dir='ltr'><strong>penitus,</strong></span> <span class='ocrx_word' id='word_1_219' title='bbox 638 3249 747 3322; x_wconf 87' lang='lat' dir='ltr'><strong>quam</strong></span> <span class='ocrx_word' id='word_1_220' title='bbox 771 3219 889 3291; x_wconf 89' lang='lat' dir='ltr'><strong>delere</strong></span> <span class='ocrx_word' id='word_1_221' title='bbox 909 3233 953 3290; x_wconf 78' lang='lat' dir='ltr'><strong>ex</strong></span> <span class='ocrx_word' id='word_1_222' title='bbox 971 3219 1087 3291; x_wconf 83' lang='lat' dir='ltr'><strong>horni-</strong></span> 
     </span>
     <span class='ocr_line' id='line_1_35' title="bbox 145 3316 1087 3432; baseline -0.003 -40"><span class='ocrx_word' id='word_1_223' title='bbox 145 3349 233 3392; x_wconf 91' lang='lat' dir='ltr'><strong>num</strong></span> <span class='ocrx_word' id='word_1_224' title='bbox 254 3320 424 3405; x_wconf 63' lang='lat' dir='ltr'><strong>memorii</strong></span> <span class='ocrx_word' id='word_1_225' title='bbox 446 3319 641 3420; x_wconf 83' lang='lat' dir='ltr'><strong>cogitastis,</strong></span> <span class='ocrx_word' id='word_1_226' title='bbox 661 3316 890 3409; x_wconf 88' lang='lat' dir='ltr'><strong>scrutamini,</strong></span> <span class='ocrx_word' id='word_1_227' title='bbox 915 3317 1087 3432; x_wconf 62' lang='lat' dir='ltr'><strong>inquam,</strong></span> 
     </span>
     <span class='ocr_line' id='line_1_36' title="bbox 147 3413 1092 3531; baseline -0.002 -43"><span class='ocrx_word' id='word_1_228' title='bbox 147 3419 333 3531; x_wconf 69' lang='lat' dir='ltr'><strong>vestigate,</strong></span> <span class='ocrx_word' id='word_1_229' title='bbox 361 3417 588 3529; x_wconf 72' lang='lat' dir='ltr'><strong>conquirite,</strong></span> <span class='ocrx_word' id='word_1_230' title='bbox 612 3416 673 3517; x_wconf 90' lang='lat' dir='ltr'><strong>qui</strong></span> <span class='ocrx_word' id='word_1_231' title='bbox 698 3415 819 3486; x_wconf 88' lang='lat' dir='ltr'><strong>adesse</strong></span> <span class='ocrx_word' id='word_1_232' title='bbox 848 3413 947 3486; x_wconf 75' lang='lat' dir='ltr'><strong>vobis</strong></span> <span class='ocrx_word' id='word_1_233' title='bbox 967 3443 1004 3486; x_wconf 87' lang='lat' dir='ltr'><strong>m</strong></span> <span class='ocrx_word' id='word_1_234' title='bbox 1024 3417 1092 3486; x_wconf 86' lang='lat' dir='ltr'><strong>hoo</strong></span> 
     </span>
     <span class='ocr_line' id='line_1_37' title="bbox 147 3511 1091 3616; baseline -0.003 -30"><span class='ocrx_word' id='word_1_235' title='bbox 147 3516 367 3607; x_wconf 77' lang='lat' dir='ltr'><strong>discrimine,</strong></span> <span class='ocrx_word' id='word_1_236' title='bbox 390 3541 453 3616; x_wconf 77' lang='lat' dir='ltr'><strong>qui</strong></span> <span class='ocrx_word' id='word_1_237' title='bbox 480 3512 572 3585; x_wconf 87' lang='lat' dir='ltr'><strong>ferre</strong></span> <span class='ocrx_word' id='word_1_238' title='bbox 602 3541 704 3613; x_wconf 86' lang='lat' dir='ltr'><strong>opem</strong></span> <span class='ocrx_word' id='word_1_239' title='bbox 727 3513 993 3604; x_wconf 88' lang='lat' dir='ltr'><strong>laborantibus,</strong></span> <span class='ocrx_word' id='word_1_240' title='bbox 1027 3511 1091 3612; x_wconf 82' lang='lat' dir='ltr'><strong>qui</strong></span> 
     </span>
     <span class='ocr_line' id='line_1_38' title="bbox 148 3611 1088 3711; baseline -0.002 -26"><span class='ocrx_word' id='word_1_241' title='bbox 148 3614 388 3685; x_wconf 88' lang='lat' dir='ltr'><strong>imminentem</strong></span> <span class='ocrx_word' id='word_1_242' title='bbox 405 3611 529 3686; x_wconf 88' lang='lat' dir='ltr'><strong>vestris</strong></span> <span class='ocrx_word' id='word_1_243' title='bbox 543 3611 713 3710; x_wconf 87' lang='lat' dir='ltr'><strong>capitibus</strong></span> <span class='ocrx_word' id='word_1_244' title='bbox 729 3611 917 3711; x_wconf 89' lang='lat' dir='ltr'><strong>procellam</strong></span> <span class='ocrx_word' id='word_1_245' title='bbox 930 3627 1088 3684; x_wconf 83' lang='lat' dir='ltr'><strong>avertere</strong></span> 
     </span>
    </p>
   </div>
   <div class='ocr_carea' id='block_1_9' title="bbox 50 3709 1089 3884">
    <p class='ocr_par' dir='ltr' id='par_1_12' title="bbox 50 3709 1089 3884">
     <span class='ocr_line' id='line_1_39' title="bbox 50 3709 1089 3882; baseline -0.003 -99"><span class='ocrx_word' id='word_1_246' title='bbox 50 3809 52 3812; x_wconf 15' lang='grc' dir='ltr'>Ι</span> <span class='ocrx_word' id='word_1_247' title='bbox 147 3725 289 3882; x_wconf 55' lang='lat' dir='ltr'><strong>paratpp</strong></span> <span class='ocrx_word' id='word_1_248' title='bbox 307 3711 363 3780; x_wconf 90' lang='lat' dir='ltr'><strong>sit.</strong></span> <span class='ocrx_word' id='word_1_249' title='bbox 377 3711 485 3882; x_wconf 52' lang='lat' dir='ltr'><strong>{Quod</strong></span> <span class='ocrx_word' id='word_1_250' title='bbox 501 3711 547 3785; x_wconf 76' lang='lat' dir='ltr'><strong>sd</strong></span> <span class='ocrx_word' id='word_1_251' title='bbox 563 3739 619 3784; x_wconf 87' lang='lat' dir='ltr'><strong>me</strong></span> <span class='ocrx_word' id='word_1_252' title='bbox 636 3709 780 3803; x_wconf 75' lang='lat' dir='ltr'><strong>attinet,</strong></span> <span class='ocrx_word' id='word_1_253' title='bbox 795 3709 1001 3880; x_wconf 42' lang='lat' dir='ltr'><strong>neap-{tissimi</strong></span> <span class='ocrx_word' id='word_1_254' title='bbox 1013 3735 1089 3811; x_wconf 87' lang='lat' dir='ltr'><strong>pro-</strong></span> 
     </span>
     <span class='ocr_line' id='line_1_40' title="bbox 233 3833 909 3884; baseline -0.004 -1"><span class='ocrx_word' id='word_1_255' title='bbox 233 3837 237 3844; x_wconf 90' lang='lat'>·</span> <span class='ocrx_word' id='word_1_256' title='bbox 282 3833 353 3884; x_wconf 80' lang='lat' dir='ltr'><strong>om.</strong></span> <span class='ocrx_word' id='word_1_257' title='bbox 402 3860 415 3882; x_wconf 83' lang='grc'><strong>.</strong></span> <span class='ocrx_word' id='word_1_258' title='bbox 891 3835 909 3880; x_wconf 87' lang='lat' dir='ltr'><strong>e</strong></span> 
     </span>
    </p>
   </div>
   <div class='ocr_carea' id='block_1_10' title="bbox 0 0 1402 4414">
    <p class='ocr_par' dir='ltr' id='par_1_13' title="bbox 0 0 1402 4414">
     <span class='ocr_line' id='line_1_41' title="bbox 0 0 1402 4414; baseline 0 0"><span class='ocrx_word' id='word_1_259' title='bbox 0 0 1402 4414; x_wconf 95' lang='lat' dir='ltr'><strong> </strong></span> 
     </span>
    </p>
   </div>
  </div>
 </body>
</html>
