2736 4414
176 291 180 298 .
262 217 265 223 λ
338 255 512 302 nrnnn
560 253 835 317 ouans-nst
979 227 1054 302 '615

82 405 84 412 Α
115 349 368 450 contemplari,
383 358 461 423 cdm
477 351 577 422 lubet
592 351 606 421 l'
621 354 654 422 Ο
671 351 699 421 si
710 351 826 422 minds
838 349 1054 422 obes'settsr·

82 535 85 542 Ι
116 449 231 542 ditas,
252 466 288 520 et
299 449 360 520 illa
371 501 386 536 ,
403 476 510 549 quam
523 466 619 549 gesto
628 475 765 548 semper
777 447 940 518 humeros
954 499 966 537 ,
988 448 1058 526 do-v

116 574 198 618 mus
210 547 219 617 !
233 547 293 618 Pol
300 599 312 638 ‚
327 574 410 618 cavo
424 575 494 618 non
506 547 672 618 immorer
683 545 841 644 ingloria.
859 543 931 623 Nae¹
942 559 977 614 te
986 543 1055 617 is'ta

116 643 311 716 sollicitudo
322 661 488 734 maceret,
506 643 692 743 subjicient
704 645 851 714 Anates.
866 641 1060 712 Possumus

117 741 225 816 ambo
238 794 251 836 ,
267 743 296 812 si
306 741 422 833 voles,
437 741 674 814 curiositatem
687 739 826 838 explere
835 757 935 812 tuam
952 789 963 828 ,
982 753 1019 808 et
1034 741 1056 810 a

117 838 278 910 Gadibus
291 841 337 915 ad
352 839 512 940 Gangem
525 838 664 912 deferre
677 855 712 909 te
724 837 887 936 cupidam
903 835 1060 934 longius.'
1121 838 1127 849 '

117 934 195 1034 Ego
204 943 287 1008 verb
301 963 340 1006 ac
349 935 499 1028 lubens,
516 936 637 1008 retulit
649 928 806 1007 Testndo
823 963 831 1010 s
847 960 964 1033 neque
974 945 1056 1022 ero,
1097 939 1100 944 ’

104 1027 304 1125 confidite,
323 1033 484 1106 beneficii
493 1033 688 1110 immemor.
708 1033 804 1112 Tum
818 1031 872 1104 illi
880 1059 892 1123 3
908 1029 1058 1103 nouerit
1103 1051 1106 1056 “

117 1157 218 1200 mora
235 1129 344 1230 ,longa
364 1161 373 1202 ε
394 1160 439 1202 en
460 1131 628 1206 bacillum
654 1131 768 1230 accipe
788 1182 800 1222 ,
833 1147 871 1202 et·
898 1127 1058 1202 medium

117 1226 250 1326 stringe
273 1228 450 1300 dentibus.
479 1230 592 1302 Simul
622 1246 658 1302 et
685 1227 850 1300 bacillum
868 1224 1061 1327 Testudini

23 1330 27 1339 '
109 1350 182 1422 per
199 1352 235 1394 os
252 1324 434 1396 inserunt:
455 1342 492 1396 at
509 1345 593 1398 ca've
603 1379 613 1418 ,
635 1325 771 1396 addunt
779 1323 857 1413 illi,
876 1339 1060 1420 arreptum

117 1422 293 1496 mordicus
311 1423 496 1494 dimiseris.
510 1489 512 1497 ,
524 1426 611 1496 Mox
634 1426 775 1521 accepta
799 1421 895 1492 utrin
921 1435 966 1492 ue
980 1421 1059 1498 „viri

117 1517 204 1618 guld
223 1519 388 1592 attollunt
404 1523 539 1592 Anates
561 1520 822 1608 Testudinem,
846 1536 883 1592 et
897 1449 1059 1618 liquidas

81 1683 84 1692 ,
116 1641 184 1714 per
200 1643 303 1687 auras
321 1617 424 1689 ambo
441 1615 616 1693 deferunt.
638 1617 766 1689 Visum
785 1615 875 1687 illud
891 1614 1061 1688 'omnibus

117 1713 337 1814 prodigium,
358 1731 394 1786 et
413 1714 696 1788 concurrentibus
717 1714 874 1813 undique
893 1713 1057 1810 adspec*

118 1811 266 1880 tandem
288 1811 463 1894 volantem
482 1812 714 1886 Testudinem
727 1811 826 1902 ,imo
839 1827 875 1882 et
884 1811 1060 1910 Reginam

118 1905 633 2002 Testudinumsalutantibus3
652 1896 880 2008 illargiestiens
900 1908 939 1978 in
953 1908 1059 1998 sinus
1114 1977 1118 1982 .

118 2017 158 2071 et
182 2002 312 2072 laeutiae
328 2004 516 2100 impatiens
530 2059 544 2091 ,
556 2035 643 2084 ¹vero
660 2009 778 2081 verius
795 2057 806 2095 ‚
825 2005 965 2106 inquit,
984 2005 1060 2074 Re·

119 2097 204 2197 gina
216 2123 308 2168 sum.
333 2096 401 2168 Nae
419 2098 557 2168 fecisset
571 2099 633 2182 illa
654 2103 865 2189 consultids,
884 2101 913 2176 si
927 2102 1063 2178 tacuisa

121 2208 198 2274 set:
215 2220 298 2264 nam
311 2211 431 2291 aperto
445 2195 686 2291 imprudenter
703 2221 776 2284 ore,
792 2195 925 2266 dimisit
941 2197 1062 2270 denti-1

120 2289 210 2382 bus,
229 2319 298 2390 qno
318 2289 598 2380 sustentabatur,
618 2289 807 2378 baculum,
831 2307 868 2360 et
880 2293 918 2362 in
930 2305 1063 2386 terrant

121 2383 395 2488 allissi'graviter
407 2439 419 2481 ‚
442 2385 650 2466 curiositatis
675 2403 711 2456 et
733 2385 861 2484 ineptes
886 2385 1064 2484 jactantias

121 2511 247 2583 poenas
263 2485 340 2557 luit.
564 2508 567 2517 ·
1054 2493 1057 2515 ²

437 2606 745 2656 nrrnrrnroN·
860 2599 864 2609 '
938 2592 943 2604 '
1054 2593 1059 2604 '

173 2746 322 2815 Natura
348 2745 433 2817 dut:
453 2765 513 2819 est
528 2717 700 2846 optima5
727 2726 841 2844 quain
862 2744 919 2816 ire
935 2714 1065 2816 contrci

3 2933 11 2956 ,
124 2841 204 2948 tntd
220 2840 406 2914 nonlicet.
438 2919 459 2930 ,,

36 3134 42 3142 ’
159 3125 1076 3265 ussisti,tspo‘ssrsst·1·si‘2
1183 3203 1189 3209 -
1275 3207 1276 3210 κ

126 3303 263 3436 Dum
290 3359 386 3431 molli
395 3359 553 3530 pascitur
565 3360 723 3460 gramine
734 3413 751 3452 ,
771 3377 807 3432 et
831 3360 991 3472 virentes·
1005 3385 1073 3472 per

126 3485 227 3556 agros
242 3457 394 3530 ludibun
418 3487 460 3530 us
485 3475 580 3530 errat
599 3457 837 3556 Lepusculus,
857 3455 1011 3528 absentn
1030 3484 1071 3528 m

132 3581 258 3628 cavum
275 3554 431 3627 Mustela
443 3553 565 3628 furtim
577 3555 736 3657 irrepsit,
755 3573 790 3628 et
806 3555 920 3626 alieno
936 3553 974 3624 in
988 3551 1070 3722 ἢ

156 3649 384 3750 ltiopenates
401 3654 526 3726 locavit
552 3641 954 3726 s'uosslleduxserdsub
968 3675 1034 3722 noc
1059 3705 1069 3720 .,
1129 3673 1133 3682 ·

132 3677 348 3847 lepusculus
358 3752 511 3832 miratur
524 3759 727 3854 occupatam
744 3753 887 3826 domum
899 3745 1077 3849 ,etMiff7
