2766 4412
294 218 366 316 390
567 237 1045 286 nnnronrcffl-

343 333 451 428 Qudd
468 333 496 404 si
512 335 569 404 vel
587 337 681 405 inter
697 349 794 406 arma
809 387 822 425 ,
839 360 920 434 quae
935 333 1070 407 ferociae
1088 351 1128 405 et
1137 348 1232 406 atro·

251 505 255 512 ,
292 435 406 507 citatis
435 429 571 502 habent
590 431 801 531 plurimum,
819 449 894 502 tam
917 431 1103 530 placabiles
1117 430 1231 504 hosti-

291 531 378 622 bus,
397 546 471 600 tam
486 529 634 600 humani
646 529 843 618 Aremorici
856 557 931 602 esee
945 531 1078 622 solent3
1096 539 1232 629 quanta

292 628 420 700 amicos
443 626 536 726 ipsos
560 627 731 718 caritate,
785 628 1058 729 udm‘singulari
1077 627 1231 698 benevo-

245 801 248 806 Δ
292 726 403 798 lentizl
421 723 719 823 complectuntur!
742 655 819 796 &i
836 725 931 836 viget
945 727 1113 828 uspiam,›
1124 725 1234 836 dudm

293 823 389 922 apud
429 849 520 914 noe,
548 838 612 893 aut
642 818 730 894 fides
757 823 957 924 antiquior,
995 840 1059 895 aut
1089 837 1237 894 secretas

293 920 440 1008 arctior,
459 936 520 992 aut
533 918 686 990 amicitia
700 920 922 999 constantior.
942 919 1152 993 Devinxerie
1168 913 1237 988 tibi

293 1019 437 1090 unum&
457 1016 583 1088 nostris
600 1015 781 1116 aliquem
801 1021 937 1117 (neque
960 1019 1026 1090 lroo
1051 1035 1126 1089 tam
1144 1010 1237 1087 diffi-

292 1115 366 1186 cilis
385 1140 498 1211 operae
515 1117 594 1212 est)
612 1113 707 1186 huno
722 1113 788 1186 tibi
916 1132 1020 1186 tuum
1036 1115 1075 1186 in
1093 1131 1238 1212 tempus

293 1211 493 1284 devinxisti.
519 1211 649 1312 Neque
673 1217 756 1284 verb
789 1213 802 1283 i
857 1209 1012 1311 profiteri
1037 1237 1161 1286 vereor
1189 1209 1238 1280 de

291 1309 418 1400 nobis,
447 1329 522 1380 tam
552 1308 696 1386 insitam
726 1309 839 1382 videri
866 1309 992 1384 nostris
1020 1309 1146 1380 animis
1168 1305 1239 1378 hu·

204 1469 207 1476 ,
292 1407 502 1480 manitatem
529 1434 568 1478 ac
593 1405 789 1480 bonitatem
801 1459 813 1498 ,
838 1423 880 1478 ut
923 1407 986 1479 uid
1011 1407 1075 1478 uid
1092 1404 1239 1504 utrique

293 1530 383 1602 repu
433 1520 470 1575 at
497 1531 537 1574 ae
566 1503 781 1576 eontrarium
795 1521 870 1595 eet,
893 1435 931 1576 id
946 1434 1011 1578 vul
1031 1509 1051 1574 ὸ
1073 1501 1241 1576 dnostric

292 1532 448 1676 modiin
472 1601 629 1674 alienum
652 1629 727 1674 esse
758 1619 955 1674 censeatur.
977 1603 995 1672 Ι
1039 1606 1142 1698 porro
1163 1615 1239 1670 tam

293 1724 419 1770 verum
449 1714 595 1800 tamque
629 1700 724 1799 apud
762 1727 883 1770 omnes
917 1699 955 1770 in
980 1696 1134 1771 confesso
1162 1712 1238 1784 eat,

293 1796 512 1884 Auditores,
535 1813 577 1868 ut
593 1796 722 1895 siquid
738 1823 787 1866 un
813 1823 896 1866 uam
915 1793 1018 1867 alicui
1036 1811 1238 1866 nostromm

268 1945 274 1956 ,
292 1887 478 1984 hominurn
497 1893 636 1964 excidat
653 1893 780 1964 netivae
789 1823 953 1964 loniuti
971 1892 1089 1964 minda
1116 1916 1241 1966 coneo·-

293 2016 382 2058 num
394 2041 405 2080 ,
428 1990 524 2088 quod
558 1985 617 2060 vix
644 1989 785 2061 evenire
807 1990 948 2081 videas,
971 1989 1040 2060 nisi
1054 1987 1161 2060 liren't
1178 1985 1239 2059 ille

209 2107 213 2118 ’
293 2087 488 2183 peregrinae
508 2085 650 2158 malitiae
668 2086 826 2185 contagio
847 2103 1030 2184 corruptus
1057 2113 1096 2156 ac
1116 2086 1241 2184 depra-

294 2198 417 2273 vatus,
445 2181 539 2254 huno
568 2183 607 2253 in
632 2183 837 2256 Aremorica
865 2200 999 2262 natum.
1026 2210 1102 2262 esse
1135 2209 1242 2254 nemo

294 2306 366 2350 non
389 2295 506 2378 neget.
524 2279 649 2370 Adeo,
671 2283 780 2379 qudm
802 2279 943 2352 solenne
968 2297 1043 2372 est,
1066 2280 1185 2381 siquis
1202 2306 1242 2350 se

270 2359 284 2406 s
294 2375 482 2473 jactantids
494 2375 683 2467 extulerit,
700 2379 896 2448 Vaseonem
906 2407 918 2468 3
936 2379 966 2448 ei
986 2379 1066 2479 quie
1090 2405 1241 2451 commo-

297 2475 351 2545 dis
369 2475 560 2572 impensids
573 2475 745 2566 eludent,
760 2474 1027 2565 Normannum3
1049 2477 1079 2545 ei
1101 2475 1181 2575 quio
1201 2501 1242 2547 ee

298 2588 394 2641 amet
435 2571 634 2662 lusculum,
655 2572 855 2646 Parisinum
878 2572 1070 2672 appellar03
1093 2589 1170 2650 tam
1186 2571 1244 2644 in-

298 2667 388 2738 sedit
403 2601 478 2767 llaec
491 2670 649 2742 omnium
666 2671 792 2758 animia
812 2671 948 2769 opinio,
969 2669 1240 2762 Aremoricum‚

297 2764 366 2837 nisi
385 2765 447 2865 qui
467 2765 578 2842 bonus
599 2768 670 2858 sit,
695 2796 770 2840 esse
794 2767 998 2840 nemineml
1097 2813 1101 2827 ι

346 2863 440 2960 Ergo
470 2862 549 2964 quis
578 2865 795 2938 nobis'hanc
823 2865 981 2936 invideat
1007 2864 1149 2938 laudem
1164 2917 1174 2956 ‚
1192 2881 1241 2936 ¹ut

298 2960 383 3032 boni
400 2961 494 3032 inter
512 2979 653 3034 caeteroe
673 2963 868 3034 Aremorici
885 2962 1118 3036 censeamur?
1142 2946 1241 3032 Plri-

298 3058 387 3148 nini,
401 3060 503 3130 credo
518 3058 671 3171 palmam
688 3059 781 3132 hane
796 3060 895 3130 nobie
912 3059 1092 3152 auferent,
1108 3077 1143 3131 et
1161 3060 1240 3158 pla-

298 3157 412 3229 eidam
422 3157 548 3228 indoho
558 3183 630 3229 suae
642 3159 843 3230 comitatem
852 3157 1239 3256 praedicabuntlEqui-

204 3293 208 3308 ,
298 3253 404 3343 dem,
425 3251 561 3348 fateor,
587 3255 796 3346 Auditore03
821 3282 892 3328 non
917 3274 1000 3328 sunt
1026 3256 1076 3326 illi
1108 3253 1240 3326 feroces

299 3355 427 3422 natural
448 3357 511 3426 sud
537 3381 602 3426 nec
623 3353 808 3426 inhumani
829 3383 840 3424 z
858 3370 1051 3454 temperato
1077 3349 1239 3450 inprimis
1259 3419 1267 3428 ,

298 3448 446 3550 mitique
463 3452 593 3522 natiin
611 3451 683 3522 solo
698 3452 943 3524 moderationis
954 3448 1113 3522 nonnihil
1128 3465 1238 3546 atque

299 3547 598 3620 etiamocomitatis
620 3549 665 3619 ab
688 3549 827 3648 ingenio
844 3549 908 3620 loci
927 3563 1146 3620 mutuantur.
1163 3546 1240 3618 To·

301 3671 382 3719 men
394 3645 472 3745 quio
479 3643 609 3718 inficias
619 3663 697 3737 eat,
713 3673 787 3719 esse
803 3645 1103 3747 illos'plerumque
1117 3671 1238 3718 amau·
