2756 4414
136 267 145 272 α
325 196 499 242 nrm
548 157 851 240 sncu'no‘us.
987 173 1061 265 447

1 335 2 362 3
122 309 317 392 parentem.
335 295 456 383 Bona,
478 286 657 381 fortunas,
673 287 823 384 famam,
845 317 944 362 suam
964 291 1062 364 deni·-
1080 327 1084 337 «

123 417 193 490 que
211 391 509 464 conservationem
524 405 681 490 paternae
698 387 805 461 saluti
821 387 914 460 ultro
931 389 1059 463 immo-
1180 431 1194 447 ·

123 487 246 658 lavgssd
269 582 355 687 quid
397 585 476 657 lura
501 583 664 684 disputo?
688 584 731 655 Id
753 583 873 675 doleo,
897 585 920 656 J
922 583 1060 675 udices,

1 737 2 746 κ
124 689 196 782 qul>
226 679 348 755 avulsa
387 683 394 697 ”
423 687 494 783 gul
521 681 772 782 Logodaedalus
786 719 788 728 ·
803 681 849 752 ab
878 682 1062 754 hominum

31 863 32 869 ἵ
125 781 289 852 societate
330 780 375 851 ad
414 780 648 855 miserrimam
689 779 890 852 belluarum
933 795 1062 852 sortem

123 880 335 950 'amandatus
360 873 438 970 est,
468 878 564 978 quod
588 877 682 950 inter
708 875 891 968 homines,
922 904 967 948 ex
991 903 1062 977 quo

127 972 232 1046 desiit
250 976 372 1076 loqui,
400 977 467 1048 sibi
482 974 585 1075 plene
607 975 764 1048 interiit!
784 970 881 1046 Nam
904 979 975 1075 qua
997 1001 1061 1074 po·

127 1071 300 1145 tissimum
325 1101 363 1146 re
390 1077 411 1144 al
436 1073 548 1146 brutis
570 1073 808 1145 animantibus
837 1067 1062 1144 diffefimust

127 1147 207 1241 Nisi
236 1172 329 1271 quod
353 1171 444 1263 illae,
471 1172 558 1245 dum
579 1171 734 1272 ingenito
762 1187 1063 1269 naturaestupore

128 1295 299 1366 oppressae
323 1269 427 1340 silent
445 1270 538 1340 inter
560 1297 625 1360 se,
651 1287 687 1340 et
708 1267 975 1358 obmutescunt3
1000 1295 1063 1340 nos

128 1364 276 1437 latentes
305 1366 413 1436 animi
440 1393 561 1438 sensus
589 1367 750 1466 aperire,
779 1382 816 1436 et
842 1383 997 1436 nostram
1019 1367 1063 1436 de

37 1502 41 1510 ·
129 1491 167 1536 rc
188 1461 346 1563 quelibet
360 1459 514 1562 proferre
533 1464 765 1554 sententiam,
777 1463 882 1535 variis
895 1464 938 1534 de
958 1463 1065 1535 rebus

129 1561 304 1632 internos
328 1557 568 1653 confabulari,
597 1577 730 1634 nostros
750 1561 905 1652 dolores,
929 1560 1064 1633 suavis-

2 1684 6 1690 ·
129 1657 218 1728 simo
236 1686 317 1728 cum
335 1658 452 1729 amicis
473 1658 1066 1771 colloquio,possumusconsolu1i3
1131 1652 1136 1661 ’

127 1753 268 1854 Lingua
281 1755 375 1826 enim
391 1756 562 1870 interpres
578 1773 705 1828 mentis
725 1773 798 1848 est,
818 1755 1068 1856 cogitationum

26 1899 30 1908 ·
129 1853 373 1944 internuncia,
396 1854 506 1944 animi
522 1881 655 1966 praeco,
677 1853 899 1926 consiliorum
922 1881 1067 1954 seques·-

129 1965 205 2040 πα,
224 1949 435 2022 conciliatrix
460 1951 643 2042 amlcitiee,
663 1939 785 2024 nutriit
802 1968 839 2024 et
860 1951 1068 2034 administra

131 2049 352 2140 commercii,
379 2049 548 2122 hu'm'anae
569 2049 722 2152 denique
750 2049 920 2122 societatis
943 2051 1066 2146 mode-

131 2145 242 2218 ratrix
264 2162 300 2216 et
324 2146 470 2218 arbitra.
1068 2211 1073 2224 .

180 2235 327 2314 Atenim
359 2245 469 2343 quim
495 2241 695 2316 luctuosum
728 2261 783 2315 est
809 2245 1068 2343 Logodaedalo,

70 2333 75 2344 ¹
132 2340 229 2440 quod
248 2339 353 2438 periit
373 2339 464 2429 sibi,
490 2355 565 2410 tem
582 2339 771 2412 dolendum
791 2340 1073 2440 damnosumque

131 2437 255 2528 robis,
277 2438 374 2538 quod
389 2436 608 2538 Reipublicae
626 2437 744 2537 periit.
764 2437 885 2528 Scitis,
904 2437 1071 2528 Judices,

159 2536 220 2606 uid
249 2563 311 2636 pro
335 2535 512 2608 communi
531 2533 622 2606 bono
644 2533 761 2606 valeat
784 2533 916 2607 diserta
935 2535 1071 2636 lingua.

132 2563 174 2706 ild
188 2649 228 2704 tu
241 2633 378 2733 quoties
394 2649 540 2734 experta
557 2633 613 2723 es‘,
633 2638 653 2704 ὂ
666 2630 878 2731 Respublica
890 2683 902 2720 ,
922 2649 1073 2732 quantos

135 2758 179 2802 ex
203 2731 425 2828 Logodaedali
454 2729 656 2830 eloquentia
686 2727 820 2801 fructus
859 2755 962 2826 perce
988 2731 1072 2822 isti,

136 2831 216 2900 cum
241 2841 275 2896 te
304 2826 445 2922 juvaret
462 2827 637 2917 consiliis,
663 2826 802 2898 dicendi
828 2824 939 2923 gloria
956 2759 1076 2898 ‹lesen-

135 2927 258 3014 deret3
297 2928 378 2994 cum
408 2926 550 3021 populos
583 2926 629 2998 ad
660 2922 1075 2998 seditionemconcitatos

163 3022 314 3111 locaret,
343 3026 423 3091 cum
442 3023 577 3094 strictos
600 3021 638 3092 in
660 3037 761 3094 tuam
786 3020 977 3120 perniciem
1004 3022 1076 3120 gla-

137 3052 212 3190 ilios
231 3145 274 3190 ex
296 3114 437 3191 nefariis
451 3118 697 3192 sceleratorum
720 3117 884 3190 manibus
901 3117 1075 3216 eriperet,

137 3223 217 3289 cum
234 3215 299 3286 tibi
314 3215 604 3316 periculosissimo
622 3213 827 3288 conflictata
843 3212 934 3286 bello
953 3240 1076 3313 paoem

127 3316 265 3388 -tandit
282 3313 486 3386 exulantem
512 3313 716 3386 reduceretl

187 3415 258 3488 Vos
280 3417 387 3504 vero,
420 3411 503 3484 boni
526 3437 672 3502 omnes,
702 3409 716 3482 l
765 3425 820 3482 ete
854 3409 1079 3512 Logodaedali

140 3511 296 3618 miserias
308 3541 319 3604 3
333 3511 512 3610 deplorate
525 3509 616 3582 tenti
631 3507 701 3581 viri.
713 3437 963 3581 isin-mitatem.
980 3509 1081 3580 Ami-

140 3609 233 3678 sistis
257 3627 468 3724 patronum,
494 3607 693 3708 perdidistis
720 3607 930 3679 acerrimum
954 3623 1080 3678 vestros

142 3705 265 3788 salutis
294 3705 540 3816 defensorem,
577 3705 640 3806 qui
670 3701 866 3806 flagitiosos
879 3706 983 3778 eires
1010 3733 1080 3776 oon

135 2707 140 2719 Ι
